2767 3489
1323 177 1373 221 11

272 303 493 354 audaciae
519 314 818 361 »progressum
855 315 954 347 esse
1000 302 1222 347 existimat
1236 332 1250 359 ,
1292 305 1342 343 ut
1370 303 1500 345 etiam
1531 301 1727 344 homines
1757 315 1786 358 p
1800 314 1825 344 e
1839 303 2026 344 rmitti
2055 286 2221 345 diceret
2256 300 2425 355 aliquid

282 384 458 429 iacere?
496 383 586 431 Sed
611 382 659 427 id
688 383 885 439 quamvis
913 383 960 427 in
994 383 1157 440 tabula,
1187 395 1317 439 quam
1346 381 1470 427 Forc.
1494 381 1624 425 affert
1653 386 1698 425 et
1727 381 1844 439 apud
1879 382 2142 439 posteriores
2171 382 2420 439 scriptume,

280 470 328 510 ut
356 466 666 523 Augustinum,
696 464 954 522 inveniatur,
983 468 1129 508 tamen
1166 477 1197 507 a
1223 462 1392 507 Seneca
1432 463 1623 508 alienum
1669 477 1766 507 esse
1801 463 1907 506 mihi
1947 463 2122 519 quidem
2161 475 2418 520 persuasum

275 551 378 592 est..
416 546 632 591 Nimirum
661 544 829 590 duobus
859 545 947 589 illis
965 545 1159 589 Senecae
1188 544 1309 602 locis,
1339 558 1446 600 quos
1476 544 1659 588 Forcell.
1689 544 1830 600 affert,
1862 545 1967 588 Ben.
1989 545 2063 601 IV,
2088 545 2153 599 12,
2178 545 2218 587 2.
2242 548 2284 586 et
2304 543 2420 586 Dial.

283 628 363 683 III,
383 628 429 684 7,
467 627 497 670 4
521 625 665 671 μίὶωίἱθ
705 625 766 670 ita
804 626 1022 670 sententia
1049 624 1244 683 suppleri
1283 630 1438 682 potest,
1475 629 1523 668 ut
1553 624 1648 682 „ei“
1677 625 1919 683 intellegas,
1959 625 2086 669 modo
2126 623 2419 668 distinctionis

275 707 463 763 signum,
483 705 601 762 quod
622 705 806 750 Forcell.
835 710 961 763 „post
981 705 1191 761 animus“,
1212 704 1369 762 posuit,
1390 705 1601 749 deleatur.
1634 706 1720 756 (De
1740 706 1844 749 Ben.
1862 705 1937 761 IV,
1959 706 2025 761 12,
2041 706 2070 748 2
2085 704 2159 748 Sic
2180 703 2422 747 latronibus

282 788 622 830 circumventum
659 785 859 842 defendo,
899 791 947 829 ut
975 791 1068 830 tuto
1110 785 1297 830 transire
1327 787 1614 842 permittatur.
1676 786 1790 829 Dial.
1822 786 1900 841 ΠΙ,
1946 788 1984 841 7,
2021 787 2051 829 4
2080 786 2143 829 ita
2180 785 2350 829 animus
2382 784 2421 828 si

277 867 323 909 in
352 867 474 921 iram,
514 879 704 910 amorem
733 867 929 921 aliosque
959 879 1007 910 se
1035 865 1221 922 projecit
1259 864 1467 921 adfectus,
1513 880 1599 908 non
1629 866 1894 922 permittitur
1930 865 2166 922 reprimere
2194 864 2420 921 inpetum).

279 946 366 991 Cfr.
397 947 524 990 Mutz.
551 946 609 990 ad
640 945 757 991 Curt.
787 960 829 1002 p.
864 947 960 990 793.
1018 945 1242 989 Postremo
1282 958 1614 990 commemorare
1652 946 1780 1001 libet,
1823 946 1953 990 etiam
1984 945 2122 989 verba
2162 944 2418 1000 haerere,

272 1026 537 1083 jungere,
568 1026 774 1083 inesse,
804 1025 1123 1070 incumbere
1152 1039 1181 1069 a
1209 1024 1378 1070 Seneca
1406 1039 1502 1069 cum
1532 1025 1681 1070 dativo
1706 1026 1836 1082 jungi
1867 1026 2020 1069 solere.

394 1108 571 1151 Aecus
584 1107 765 1151 ativus
795 1120 823 1150 a
842 1106 1011 1150 Seneca
1031 1105 1207 1163 saepius
1229 1119 1357 1162 quam
1389 1120 1416 1150 a
1442 1106 1726 1164 scriptoribus
1759 1118 1919 1150 aureae
1959 1106 2117 1150 aetatis
2150 1119 2244 1149 cum
2273 1103 2419 1147 verbis

279 1186 565 1230 intransitivis
606 1186 892 1242 conjungitur.
956 1188 1020 1230 Ac
1060 1187 1244 1243 primum
1284 1188 1522 1231 accusativi
1552 1187 1712 1243 objecti
1754 1187 1926 1243 interni,
1969 1187 2044 1242 qui
2083 1187 2260 1240 dicitur,
2310 1186 2420 1228 haec

279 1267 480 1323 exempla
524 1271 717 1311 exstant:
758 1267 873 1310 Dial.
903 1267 998 1323 VII,
1027 1267 1069 1323 4,
1098 1268 1137 1310 3.
1166 1267 1389 1311 noxiosam
1425 1268 1677 1312 servitutem
1724 1268 1978 1323 serviturus,
2023 1267 2101 1323 Ep.
2136 1267 2201 1322 16,
2227 1267 2255 1309 9
2302 1265 2418 1308 viam

278 1346 410 1401 eunti,
439 1345 492 1390 D.
524 1347 604 1402 III,
636 1348 704 1403 20,
736 1348 765 1390 2
801 1347 936 1390 altum
978 1346 1185 1402 quiddam
1223 1351 1266 1391 et
1305 1348 1487 1391 sublime
1529 1348 1697 1404 spirare
1734 1360 1781 1390 se
1823 1347 2018 1403 credunt,
2053 1347 2104 1389 D.
2137 1346 2186 1402 V,
2219 1347 2259 1400 3,
2291 1346 2317 1387 6
2348 1345 2416 1387 ira

276 1425 419 1469 dirum
459 1426 669 1481 quiddam
709 1431 840 1482 atque
879 1426 1102 1470 horridum
1138 1426 1347 1482 stridens,
1386 1428 1438 1471 D.
1472 1427 1529 1483 V,
1559 1428 1609 1482 4,
1640 1428 1668 1470 2
1705 1427 1846 1471 dirum
1888 1427 2096 1482 quiddam
2135 1425 2417 1469 exsibilantia

280 1505 449 1557 (labra).

392 1586 491 1629 Jam
527 1599 630 1629 vero
661 1586 847 1643 plurima
876 1587 1023 1643 verba,
1053 1587 1209 1642 quibus
1237 1587 1418 1631 affectus
1447 1587 1582 1631 animi
1613 1586 1895 1643 significatur,
1927 1600 1955 1629 a
1984 1586 2153 1630 Seneca
2181 1585 2418 1630 secundum

279 1666 635 1709 cousuetudinem
688 1671 914 1723 poetarum
959 1681 1054 1711 cum
1100 1668 1349 1711 accusativo
1393 1668 1723 1723 conjunguntur.
1800 1668 1913 1710 Nam
1958 1671 2132 1723 praeter
2177 1680 2257 1721 ea,
2305 1679 2417 1720 quae

280 1760 307 1789 a
330 1746 539 1790 Cicerone
562 1746 744 1801 ejusque
773 1748 1029 1802 aequalibus
1050 1748 1113 1792 sic
1143 1753 1416 1804 usurpantur,
1437 1748 1558 1792 velut
1588 1747 1890 1792 formidare
1914 1747 2012 1804 (Ep.
2029 1747 2098 1803 50,
2111 1747 2169 1804 9),
2200 1758 2418 1802 gemere

276 1826 409 1882 (Dial.
441 1827 518 1883 IX,
550 1828 588 1883 7,
618 1827 675 1884 6),
705 1827 940 1871 horrere
969 1828 1102 1884 (Dial.
1133 1829 1233 1883 XII,
1257 1829 1298 1883 3,
1319 1830 1351 1872 1.
1384 1829 1460 1884 Ep.
1490 1828 1560 1883 48,
1578 1829 1614 1871 7.
1646 1828 1713 1881 75,
1735 1829 1798 1871 17.
1832 1828 1900 1883 82,
1920 1827 1984 1872 15.
2015 1827 2085 1883 95,
2104 1826 2189 1884 70),
2219 1828 2414 1882 lugere

277 1906 350 1963 (D.
369 1907 442 1963 VI,
461 1907 530 1963 26,
558 1908 618 1964 3),
650 1908 807 1962 queri
836 1908 908 1965 (D.
939 1909 996 1964 II,
1030 1910 1095 1965 10,
1132 1909 1174 1966 l)
1204 1908 1313 1953 haec
1341 1908 1430 1953 fere
1460 1908 1761 1954 inveniuntur:
1792 1908 2222 1952 contremiscere
2253 1907 2331 1964 Ep.
2353 1907 2410 1950 65

276 1988 657 2031 contremiscamus
698 1987 915 2044 injuriam,
952 1989 1196 2045 (Horatium
1236 1989 1425 2031 imitatus
1457 2002 1555 2032 esse
1584 1989 1759 2032 videtur
1789 1990 1968 2044 Seneca,
2000 1993 2174 2045 praeter
2205 1987 2248 2032 S.
2281 1987 2413 2031 etiam

276 2067 474 2112 Justinus
505 2082 539 2112 c.
573 2082 660 2112 acc.
686 2068 866 2125 junxit),
898 2083 1278 2126 expavescere
1310 2069 1421 2113 Dial.
1442 2069 1475 2125 I,
1505 2069 1547 2126 4,
1578 2070 1616 2113 6.
1655 2069 1733 2126 Ep.
1761 2070 1830 2125 94,
1853 2071 1890 2113 7.
1923 2070 2018 2125 107,
2047 2070 2088 2125 4,
2120 2067 2334 2125 (Horatio,
2366 2071 2414 2110 ut

276 2148 469 2205 videtur,
514 2154 691 2192 auctore
732 2154 905 2205 praeter
935 2149 1085 2194 Senec.
1115 2150 1283 2193 Plinius
1313 2149 1427 2205 maj„
1458 2149 1621 2206 Quint„
1652 2149 1828 2194 Sueton.
1862 2164 1951 2193 acc.
1984 2163 2080 2193 cum
2109 2149 2149 2192 h.
2180 2162 2219 2192 v.
2250 2147 2413 2204 junxe-

273 2228 406 2286 runt),
436 2227 707 2273 fastidire
739 2230 842 2273 Ben.
873 2230 967 2286 VII,
998 2231 1067 2286 26,
1097 2230 1138 2287 5,
1167 2230 1317 2287 (etiam
1347 2230 1496 2274 Livius
1527 2235 1571 2274 et
1601 2230 1807 2275 Horatius
1846 2235 1889 2274 et
1929 2234 2029 2287 post
2069 2243 2144 2274 eos
2184 2229 2306 2272 multi
2347 2228 2411 2271 sic

279 2308 318 2352 h.
341 2323 380 2352 v.
414 2310 710 2367 usurparunt),
741 2310 888 2354 flere
920 2310 1035 2355 Dial.
1057 2310 1130 2367 VI,
1147 2310 1215 2366 25,
1238 2311 1276 2354 3.
1297 2311 1351 2367 X,
1378 2311 1442 2366 17,
1468 2312 1490 2354 1
1522 2311 1591 2354 Ab
1622 2310 1703 2355 hoc
1733 2310 1909 2355 adfectu
1938 2324 2066 2367 reges
2096 2323 2219 2354 suam
2248 2308 2409 2353 flevere

280 2390 532 2445 potentiam,
562 2390 794 2445 gravari
824 2390 1035 2446 Dial.1V,
1057 2393 1097 2448 8,
1122 2391 1160 2435 2.
1223 2391 1290 2435 De
1320 2390 1451 2435 Clem.
1483 2391 1518 2444 I,
1552 2393 1618 2447 13,
1653 2393 1673 2434 l
1706 2396 1751 2435 at
1784 2391 1905 2435 illum
1935 2391 2137 2434 acerbum
2167 2395 2211 2434 et
2241 2389 2415 2444 sangui-

278 2470 448 2512 narium
488 2483 666 2514 necesse
706 2475 773 2513 est
812 2475 1047 2525 graventur
1087 2470 1318 2526 stipatores
1357 2471 1436 2527 sui,
1473 2470 1667 2527 (praeter
1706 2470 1806 2516 Sen.
1851 2471 2002 2515 Horat.
2045 2475 2089 2514 et
2130 2470 2306 2514 Sueten.
2347 2468 2411 2513 sic

277 2550 408 2593 locuti
449 2550 577 2606 sunt).
646 2550 868 2593 Postremo
905 2550 1084 2606 dignum
1126 2550 1230 2594 mihi
1270 2550 1439 2593 videtur
1480 2564 1599 2607 esse,
1639 2551 1755 2606 quod
1793 2555 2158 2607 commemoretur,
2199 2549 2412 2593 Senecam

276 2630 590 2686 gaudendas
631 2631 744 2675 Dial.
775 2632 831 2688 H,
865 2633 930 2687 19,
962 2633 989 2674 2
1028 2631 1217 2687 finxisse,
1249 2645 1333 2686 quo
1372 2644 1450 2675 nec
1491 2636 1594 2675 ante
1632 2645 1712 2675 nec
1753 2636 1852 2688 post
1894 2644 1991 2675 eum
2036 2631 2266 2687 quisquam
2309 2644 2413 2675 usus

278 2724 375 2754 esse
406 2711 590 2755 videtur.

391 2791 561 2847 Agmen
598 2798 756 2848 cogant
793 2793 883 2836 alia
919 2794 1073 2842 verba,
1112 2806 1225 2847 quae
1262 2790 1429 2836 Seneca
1468 2792 1665 2849 inprimis
1706 2797 1936 2850 poetarum
1977 2792 2238 2837 auctoritate
2280 2792 2411 2837 nixus

273 2885 373 2914 cum
410 2885 500 2915 acc.
536 2872 698 2926 junxit.
787 2873 898 2915 Sunt
935 2873 1028 2915 fere
1069 2873 1204 2915 haec:
1258 2874 1527 2927 navigare
1566 2874 1619 2916 N.
1651 2873 1703 2924 Q.
1737 2874 1811 2923 IV,
1842 2874 1882 2928 2,
1913 2874 1971 2916 22
2011 2873 2232 2928 Navigavi
2261 2874 2410 2918 Atlan-

272 2952 406 2994 ticum
434 2966 566 3009 mare,
610 2953 715 3007 (non
754 2953 907 3007 ignoro
941 2953 1140 2996 similiter
1169 2954 1410 3008 Vergilium
1439 2958 1572 3008 atque
1604 2955 1737 2997 etiam
1766 2954 2023 2998 Ciceronem
2061 2954 2250 2997 locutum
2281 2953 2410 3010 esse),

266 3031 540 3075 habitare
586 3033 666 3088 Ep.
710 3032 777 3087 70,
825 3034 877 3075 11
923 3031 1097 3075 domum
1139 3032 1437 3087 habitaturus,
1481 3032 1621 3089 (apud
1668 3033 1921 3077 Ciceronem
1974 3033 2156 3089 ejusque
2206 3034 2413 3089 aequales

2225 3112 2270 3147 ΞΟ
