2767 3489
1323 74 1347 141 i

261 220 422 270 multae
442 238 571 269 voces
592 229 636 268 et
655 221 895 269 locutiones
916 237 973 269 ex
1003 221 1090 267 illis
1112 224 1288 281 petitae,
1309 226 1442 269 veluti
1464 224 1692 280 frangatur
1713 220 1815 270 licet
1836 221 2001 270 coelum
2024 219 2097 282 (N.
2111 218 2237 281 QVI,
2256 221 2325 283 32,
2336 219 2397 283 4),

261 306 378 363 quod
396 320 493 351 cum
522 305 743 362 scriberet,
773 304 870 362 ejus
890 304 1034 349 animo
1056 304 1330 350 obversatum
1352 319 1447 351 esse
1468 303 1641 350 videtur
1655 304 1941 351 Horatianum
1963 305 2084 363 illud,
2112 306 2229 362 quod
2249 309 2395 352 exstat

262 387 403 433 Carm.
425 386 508 445 111,
528 386 569 445 3,
594 387 643 431 7:
673 386 712 430 si
729 386 890 431 fractus
917 386 1122 430 illabatur
1146 386 1277 443 orbis,
1308 387 1517 444 superbas
1541 387 1831 444 potentiorum
1852 385 1980 443 fores,
2010 387 2207 445 improbo
2226 388 2391 434 lumini.

263 466 411 519 Quid?
440 466 563 523 quod
592 480 711 511 more
751 471 976 524 poetarum
1019 479 1330 523 saepenumero
1361 468 1494 512 verba
1526 466 1736 510 audacius
1766 468 1998 523 transtulit,
2029 472 2077 511 ut
2107 468 2202 525 ipse
2233 468 2396 512 fatetur

260 547 315 592 N.
333 546 384 600 Q.
399 547 479 603 111,
498 548 564 603 18,
579 548 626 594 ‘12
658 547 756 591 Non
776 551 970 604 tempero
992 545 1108 604 mibi,
1139 546 1243 602 quin
1264 550 1361 591 utar
1381 546 1595 592 interdum
1625 546 1855 592 temerarie
1877 547 2022 593 verbis
2047 551 2092 592 et
2113 546 2394 606 proprietatis

262 626 436 671 modum
453 627 680 672 excedam:
709 640 795 671 non
812 625 990 671 suntad
1019 626 1224 684 popinam
1246 625 1460 684 dentibus,
1481 639 1555 671 ore
1573 632 1617 672 et
1631 632 1782 671 ventre
1812 630 2026 673 contentiz
2057 628 2194 672 oculis
2223 641 2396 684 quoque

260 706 450 763 gulosi
479 710 593 752 sunt.
641 706 697 750 Et
716 719 821 751 vero
847 706 995 750 referti
1012 710 1112 750 sunt
1131 706 1231 750 libri
1251 706 1443 752 Senecae
1464 707 1626 751 talibus
1647 706 1925 764 metaphoris,
1957 716 2138 763 quarum
2161 708 2396 751 nonnullas

260 783 418 830 afferre
447 786 565 831 libet.
625 786 739 831 Dial.
777 787 814 842 1,
843 787 884 841 4,
918 787 939 830 1
974 790 1018 830 at
1048 786 1318 831 calamitates
1348 792 1620 843 terroresque
1650 787 1893 830 mortalium
1926 787 2009 831 sub
2031 787 2186 843 jugum
2218 788 2391 832 mittere

261 866 485 923 proprium
516 865 663 922 magni
694 865 778 910 viri
809 870 897 921 est;
932 865 981 911 D.
1012 865 1091 923 111,
1125 868 1190 923 11,
1222 866 1250 912 5
1279 866 1430 912 habuit
1459 867 1504 911 in
1533 866 1715 912 consilio
1747 866 1962 911 fortunam
1993 867 2234 925 publicam3
2264 868 2319 912 D.
2341 869 2396 925 X,

266 949 332 1004 10,
363 947 391 991 2
421 947 466 991 in
511 946 629 1003 quod
670 946 843 991 fortuna
876 946 952 1003 jus
993 946 1206 1005 perdidit3
1246 947 1351 992 Ben.
1381 948 1453 1006 IV,
1482 948 1523 1005 5,
1555 947 1583 992 3
1624 951 1672 992 ut
1714 946 1852 992 omnis
1893 960 2034 992 rerum
2071 951 2253 993 naturae
2295 961 2398 1006 pars

261 1028 469 1072 tributum
498 1028 677 1083 aliquod
709 1028 833 1072 nobis
864 1028 1100 1084 conferret3
1130 1029 1184 1073 N.
1217 1027 1268 1080 Q„
1294 1029 1344 1085 V,
1371 1031 1433 1085 16,
1464 1030 1494 1073 4
1531 1028 1620 1073 Sed
1651 1032 1696 1073 et
1724 1042 1853 1073 eurus
1877 1028 1972 1085 jam
2001 1029 2178 1073 civitate
2208 1028 2396 1074 donatus

260 1112 328 1152 est
367 1107 460 1166 (est.
510 1109 590 1165 Ep.
624 1109 719 1165 120,
748 1108 816 1165 4),
875 1109 955 1165 Ep.
989 1109 1055 1163 13,
1087 1110 1109 1153 1
1151 1113 1380 1166 postquam
1418 1123 1513 1153 cum
1553 1109 1629 1153 illa
1657 1107 1864 1166 (fortuna)
1903 1122 2075 1153 manum
2116 1109 2396 1167 conseruisti3

261 1188 339 1243 Ep.
361 1189 426 1243 18,
453 1189 506 1231 12
537 1188 680 1243 incipe
710 1201 806 1231 cum
835 1193 1093 1244 paupertate
1122 1188 1283 1232 habere
1313 1186 1632 1244 commercium3
1665 1188 1742 1245 Ep.
1777 1188 1843 1244 19,
1868 1191 1887 1233 1
1923 1187 2181 1246 incipiamus
2212 1201 2320 1235 vasa
2350 1189 2397 1233 in

260 1271 482 1312 senectute
513 1267 741 1325 colligere,
772 1267 852 1325 Ep.
882 1268 950 1324 23,
972 1268 1002 1310 4
1031 1269 1277 1326 voluptates
1306 1272 1453 1311 tenere
1484 1267 1567 1311 sub
1596 1267 1739 1322 freno;
1773 1267 1851 1324 Ep.
1878 1269 1947 1325 55,
1978 1268 2006 1312 6
2034 1280 2129 1312 cum
2160 1273 2396 1326 tempestas

262 1346 552 1404 piscatoribus
582 1347 703 1391 dedit
732 1347 888 1403 ferias,
918 1349 994 1405 Ep.
1031 1350 1099 1405 87,
1130 1349 1185 1392 23
1229 1362 1329 1392 nam
1374 1348 1609 1404 sacrilegia
1654 1349 1817 1412 minuta
1861 1348 2109 1404 puniuntur,
2152 1363 2310 1405 magna
2351 1349 2397 1392 ia

261 1426 489 1484 triumphis
527 1426 753 1483 feruntur3
794 1428 871 1484 Ep.
910 1428 978 1484 90,
1025 1429 1051 1472 8
1090 1428 1302 1473 avaritiae
1339 1428 1510 1485 signum
1553 1427 1671 1471 dare.
1741 1428 1909 1484 Agmen
1946 1428 2152 1472 claudant
2189 1427 2276 1472 duo
2314 1429 2397 1472 loci

261 1508 341 1565 Ep.
376 1509 442 1565 12,
471 1509 501 1552 4
544 1507 716 1552 deditos
755 1508 857 1552 vino
900 1508 1019 1565 potio
1056 1513 1251 1553 extrema
1287 1507 1488 1565 delectat,
1528 1507 1626 1564 illa,
1667 1520 1780 1564 quae
1821 1508 1990 1565 mergit,
2037 1520 2150 1564 quae
2195 1508 2395 1553 ebrietati

258 1600 467 1632 summam
498 1600 671 1632 manum
703 1587 899 1644 imponit,
930 1591 974 1631 et
1003 1588 1082 1645 Ep.
1114 1590 1209 1644 101,
1239 1588 1266 1632 8
1297 1588 1372 1643 qui
1400 1587 1560 1632 cotidie
1591 1587 1707 1632 vitae
1738 1600 1843 1631 suae
1875 1601 2085 1631 summam
2116 1601 2288 1632 manum
2321 1588 2395 1631 im-

257 1667 413 1725 posuit,
443 1667 518 1711 ubi
549 1667 728 1724 propria
747 1668 814 1711 vis
844 1667 1070 1712 locutionis
1101 1681 1336 1724 „summam
1357 1681 1528 1712 manum
1550 1668 1798 1725 imponere“
1827 1680 2004 1725 prorsus
2034 1668 2285 1712 oblitterata
2315 1673 2392 1712 est„

258 1748 418 1791 Verum
449 1747 504 1791 de
536 1748 603 1791 bis
634 1747 763 1791 rebus
794 1747 932 1791 fusius
963 1748 1122 1803 agendi
1161 1748 1346 1791 fortasse
1376 1748 1465 1792 alia
1494 1748 1666 1792 occasio
1697 1748 1800 1791 mibi
1839 1748 2026 1793 dabitur.
2088 1749 2214 1792 Nunc
2243 1748 2301 1791 ad
2334 1748 2391 1804 id,

259 1827 375 1882 quod
398 1826 502 1870 mihi
532 1826 799 1883 propositum
831 1839 927 1870 esse
946 1840 1078 1883 supra
1102 1826 1207 1882 dixi,
1239 1826 1560 1882 exsequendum
1583 1840 1652 1870 me
1681 1827 1952 1871 accincturus
1982 1840 2085 1871 sum.
2145 1826 2232 1871 Sed
2257 1827 2394 1885 prius·

259 1920 388 1962 quam
418 1906 473 1950 de
509 1906 778 1962 discrimine,
816 1905 932 1961 quod
962 1906 1006 1949 in
1038 1906 1266 1950 verborum
1304 1906 1703 1963 conjungendorum
1746 1907 1912 1950 ratione
1956 1906 2068 1950 inter
2096 1905 2307 1950 Senecam
2347 1912 2392 1949 et

260 1984 427 2043 priores
468 1984 701 2042 scriptores
742 1985 984 2041 intercedit,
1030 1985 1255 2042 explicem,
1286 1986 1415 2029 etiam
1445 1986 1655 2029 nonnulla
1684 1986 1742 2028 ad
1780 1986 2087 2042 etymologiam
2129 1986 2391 2043 pertinentia

258 2065 535 2123 praemittere
566 2064 683 2110 libet.
743 2066 807 2110 Ac
837 2065 1020 2122 primum
1059 2065 1376 2110 substantivum
1414 2065 1624 2122 cervix,
1669 2079 1754 2121 quo
1786 2066 1937 2110 Cicero
1972 2066 2129 2121 ubique
2160 2067 2392 2123 pluraliter

258 2156 361 2189 usus
406 2127 493 2202 est,
545 2145 713 2188 Seneca
757 2149 979 2201 poetarum
1027 2144 1283 2187 auctoritate
1329 2146 1456 2186 nixus
1511 2146 1766 2201 plerumque
1821 2146 2100 2199 singulariter
2148 2147 2384 2200 usurpavit.

258 2224 430 2268 Deinde
460 2225 778 2282 comparativus
808 2223 1061 2281 superlativi
1091 2224 1311 2280 proximus
1341 2225 1577 2280 proximior
1606 2225 1796 2280 Ep.108,
1818 2225 1871 2266 16
1902 2229 2057 2279 exstat,
2088 2238 2216 2278 quem
2248 2225 2387 2267 locum

259 2304 485 2350 Forcellin.
517 2304 810 2362 praetermisit
829 2303 1037 2361 (Gossrau
1068 2302 1253 2346 Gramm.
1283 2304 1387 2359 ling.
1419 2303 1541 2345 latin.
1572 2317 1671 2360 pag.
1703 2305 1784 2346 133
1816 2304 1946 2346 etiam
1973 2316 1999 2347 e
2025 2303 2206 2358 Vegetio
2237 2304 2392 2360 locum,

260 2384 334 2429 ubi
365 2384 443 2428 illa
472 2384 612 2428 forma
641 2383 871 2440 invenitur,
900 2382 1055 2439 affert).
1115 2381 1263 2433 Quid?
1294 2382 1410 2437 quod
1439 2382 1634 2426 Senecae
1664 2396 1758 2425 cum
1791 2382 2047 2436 quibusdam
2078 2383 2389 2425 vetustioribus

259 2463 540 2523 scriptoribus
561 2463 753 2508 nullae
772 2478 851 2522 pro
872 2463 992 2520 nulli,
1012 2461 1122 2506 alio
1144 2474 1221 2519 pro
1237 2461 1314 2505 alii
1336 2474 1561 2506 commune
1575 2467 1642 2507 est
1655 2462 1787 2520 (Dial.
1810 2462 1861 2519 X,
1888 2463 1918 2519 l,
1934 2463 1974 2505 3.
2007 2462 2111 2506 Ben.
2131 2462 2204 2519 lv,
2221 2462 2291 2518 32,
2310 2462 2393 2520 3)?

257 2547 479 2590 Postremo
532 2544 692 2602 dignae
747 2544 853 2589 mihi
891 2544 1115 2600 videntur,
1170 2555 1283 2598 quae
1341 2548 1723 2587 commemorentur
1777 2545 1940 2586 formae
1998 2543 2254 2588 transiet
2308 2557 2387 2600 pro

257 2625 472 2682 transibit,
513 2625 679 2682 iniet,
713 2616 882 2680 exiet,
925 2624 980 2668 de
1009 2623 1164 2679 quibus
1194 2623 1383 2667 Haasius
1414 2623 1458 2666 in
1489 2623 1632 2668 Praef.
1675 2623 1853 2667 alterius
1891 2622 1996 2666 tomi
2027 2637 2069 2680 p.
2101 2623 2161 2667 V1
2208 2623 2272 2668 sic
2303 2623 2388 2667 dis·

257 2711 403 2764 putat:
433 2705 522 2750 Sed
552 2705 668 2762 quod
685 2705 916 2749 Fickertus
945 2703 1078 2748 semel
1107 2717 1269 2761 ponere
1298 2716 1428 2746 ausus
1459 2708 1527 2746 est
1558 2703 1804 2746 transiet
1834 2703 1907 2746 lib.
1939 2703 2018 2759 111,
2050 2716 2086 2747 c.
2121 2703 2187 2759 10,
2217 2705 2246 2747 4
2278 2703 2390 2747 miro

256 2787 317 2831 ibi
348 2786 544 2830 codicum
574 2799 673 2830 mss.
707 2798 916 2829 consensu
948 2784 1173 2839 firmatum,
1206 2783 1252 2827 id
1278 2797 1360 2840 ego
1382 2783 1491 2826 adeo
1513 2797 1599 2826 non
1629 2787 1887 2839 aspernatus
1905 2797 2013 2840 sum,
2034 2789 2080 2827 ut
2100 2784 2196 2840 ejus
2216 2784 2393 2840 generis

255 2866 415 2911 formas
445 2867 576 2911 etiam
607 2866 706 2910 aliis
737 2865 842 2909 locis
873 2869 989 2909 recte
1019 2863 1124 2908 mihi
1154 2864 1396 2908 restituisse
1426 2863 1602 2920 videar3
1632 2877 1733 2906 nam
1756 2868 1802 2907 et
1830 2863 1886 2908 de
1913 2864 2017 2910 Ben.
2037 2865 2092 2920 11,
2115 2867 2150 2920 1,
2173 2865 2200 2908 2
2232 2864 2394 2908 babent

258 2947 409 2994 iniet
437 2947 536 2992 libri
568 2947 731 3006 optimi,
772 2930 886 2989 inter
917 2958 1024 3003 quos
1064 2949 1131 2989 est
1159 2945 1443 3001 NazarianuS‚
1482 2948 1527 2988 et
1566 2943 1613 2988 in
1644 2944 1722 3002 Ep.
1756 2946 1821 3002 17,
1854 2945 1877 2989 7
1911 2945 2062 2991 exiet
2102 2950 2170 2991 est
2216 2945 2261 2990 in
2302 2944 2395 2992 cod.
