2767 3489
1377 132 1432 176 10

324 255 595 299 Graecorum
625 269 745 298 more
775 255 952 299 dativus
976 256 1165 313 passivis
1192 256 1257 299 sic
1282 254 1549 312 adiungitur,
1578 257 1626 298 ut
1649 254 1890 299 ablativum
1913 266 2009 300 eum
2038 253 2362 313 praepositione
2391 252 2477 310 „a“

330 336 609 391 conjunctum
634 340 875 393 exspectes.
922 336 987 379 Ac
1017 336 1264 393 participiis
1293 336 1477 393 perfecti
1508 334 1685 380 additur
1714 334 1784 379 his
1812 335 1905 380 fere
1934 335 2043 380 locis
2062 335 2176 380 Dial.
2191 334 2265 393 VI,
2282 335 2324 392 4,
2342 334 2370 379 2
2400 333 2474 379 de-

326 416 430 460 fleto
476 417 680 473 gentibus
729 416 900 474 sunere,
932 416 1005 473 VI,
1055 418 1129 475 14,
1158 418 1198 461 2.
1231 416 1327 472 VII,
1378 417 1447 473 20,
1498 417 1538 460 2.
1569 416 1622 460 N.
1654 415 1704 468 Q.
1735 416 1810 472 VI,
1846 417 1886 474 8,
1916 417 1955 462 2.
2037 417 2118 474 Ep.
2149 418 2189 469 8,
2231 417 2271 462 8.
2300 416 2370 471 94,
2401 415 2471 459 28.

329 496 555 541 Audacius
586 501 812 554 poetarum
843 510 962 541 more
994 502 1229 554 usurpatus
1261 500 1328 541 est
1356 497 1543 553 dativus,
1575 496 1649 553 qui
1679 495 1849 552 dicitur,
1880 508 2065 552 graecus
2094 496 2163 541 his
2193 496 2323 542 locis:
2353 495 2467 539 Dial.

326 577 385 633 II,
420 578 485 633 15,
516 578 544 620 5
579 577 744 621 Domus
774 576 885 621 haec
916 577 1129 634 sapientis
1158 603 1216 609 ——
1246 577 1378 621 nullis
1407 577 1667 622 adservatur
1695 575 1964 633 ianitoribus,
1994 576 2074 633 Ep.
2105 577 2176 633 45,
2210 578 2275 621 12.
2326 577 2395 632 53,
2425 577 2465 619 4.

327 658 397 713 76,
431 658 484 701 15
514 661 559 701 et
589 669 718 713 quam
759 657 905 701 multis
936 657 1160 714 salutetur,
1191 657 1268 714 Ep.
1298 656 1369 713 90,
1414 657 1471 701 25
1501 657 1636 701 Immo
1687 670 1773 700 non
1811 655 1911 700 aliis
1957 655 2206 713 excogitata
2245 657 2332 701 ista
2361 660 2476 712 sunt,

328 751 459 793 quam
489 737 648 793 quibus
677 737 894 793 hodieque
924 742 1141 781 curantur.

444 818 553 861 Item
569 831 664 861 cum
683 822 911 874 poetarum
939 818 1221 874 potiusquam
1242 830 1399 873 prosae
1413 817 1622 861 orationis
1635 817 1891 873 scriptorum
1915 830 2113 860 sermone
2129 817 2338 873 congruit,
2355 816 2470 871 quod

329 897 501 941 Seneca
522 897 605 954 his,
635 911 748 953 quae
778 898 989 941 allaturus
1022 910 1130 954 sum,
1160 896 1307 940 verbis
1339 897 1534 941 dativum
1564 896 1788 952 adjunxit:
1820 896 2207 952 adquiescere
2239 897 2318 953 Ep.
2342 897 2410 953 24,
2447 898 2463 939 1

325 977 553 1021 existimas
583 991 651 1021 me
682 990 923 1033 suasurum,
969 982 1016 1020 ut
1061 977 1242 1020 meliora
1281 977 1361 1020 tibi
1408 978 1503 1034 ipse
1534 990 1752 1034 proponas
1781 980 1826 1020 et
1854 976 2113 1032 adquiescas
2145 977 2239 1033 spei
2269 976 2472 1029 blandae,

328 1057 602 1115 (Ciceronem
650 1058 688 1101 si
727 1057 891 1101 imitari
922 1057 1145 1114 voluisset,
1193 1056 1232 1101 ei
1281 1056 1512 1102 dicendum
1544 1061 1637 1101 erat
1666 1057 1738 1115 „in
1778 1070 1855 1114 spe
1889 1055 2088 1101 blanda.“
2146 1056 2312 1101 Eodem
2343 1056 2471 1100 modo

324 1143 502 1195 praeter
531 1137 742 1182 Senecam
773 1139 937 1181 Auctor
969 1138 1008 1182 b.
1041 1138 1189 1193 Afric„
1221 1137 1352 1194 Curt.‚
1397 1137 1571 1182 Sueten.
1613 1138 1792 1181 verbum
1830 1136 2142 1192 adquiescendi
2173 1137 2465 1194 usurparunt).

326 1217 593 1262 laborare
623 1218 739 1261 Dial.
771 1218 866 1275 VII,
901 1220 938 1275 1,
967 1219 995 1261 2
1027 1222 1274 1261 conteretur
1305 1219 1397 1261 vita
1434 1219 1547 1263 inter
1578 1231 1746 1262 errores
1780 1217 1937 1272 brevis,
1968 1217 2139 1261 etiamsi
2172 1217 2267 1260 dies
2304 1221 2470 1261 noctes·

328 1311 412 1353 que
445 1298 584 1341 bonae
616 1299 750 1341 menti
797 1298 1056 1353 laboremus,
1090 1297 1185 1354 (cfr.
1217 1297 1313 1354 VII,
1344 1298 1384 1355 9,
1414 1299 1442 1341 2
1473 1298 1551 1354 Ep.
1586 1299 1680 1355 114,
1717 1299 1744 1341 9
1791 1298 1876 1342 Ubi
1907 1297 2122 1340 luxuriam
2160 1298 2247 1340 late
2285 1297 2473 1340 felicitas

325 1377 439 1421 fudit
460 1404 515 1409 —
538 1378 797 1435 supellectili
831 1378 1055 1421 laboratur
1084 1377 1112 1421 i.
1140 1391 1174 1421 e.
1207 1390 1311 1420 cura
1343 1391 1395 1420 ac
1425 1378 1548 1420 labor
1577 1378 1852 1434 impenditur.
1911 1378 2024 1420 Num
2055 1383 2230 1433 praeter
2260 1376 2469 1420 Senecam

328 1458 441 1500 alius
474 1458 536 1501 sic
569 1459 738 1501 locutus
769 1459 838 1513 sit,
879 1458 1041 1501 dubito.
1103 1457 1233 1513 Apud
1266 1457 1516 1501 Ciceronem
1550 1458 1747 1501 laborare
1778 1457 1833 1500 de
1863 1483 1932 1513 —,
1961 1457 2006 1499 in
2037 1482 2106 1511 --,
2137 1471 2217 1513 pro
2247 1457 2395 1511 aliqua
2426 1470 2471 1499 re

325 1542 481 1592 exstat,
524 1538 642 1594 apud
674 1537 884 1584 Senecam
923 1538 1054 1581 etiam
1094 1538 1292 1580 laborare
1325 1539 1368 1580 in
1400 1538 1590 1592 aliquam
1623 1551 1712 1580 rem
1755 1538 1869 1580 Dial.
1903 1537 1953 1592 V,
1984 1538 2054 1593 41,
2083 1537 2111 1578 2
2141 1537 2203 1579 nil
2233 1537 2278 1579 in
2309 1536 2468 1579 famam

322 1618 582 1673 laboremus,
613 1619 667 1661 D.
689 1619 765 1673 IX,
787 1619 852 1673 12,
870 1620 910 1673 6,
939 1619 1018 1674 Ep.
1033 1619 1102 1673 65,
1134 1619 1161 1661 6
1193 1618 1230 1660 si
1261 1618 1478 1660 laboravit
1509 1618 1553 1660 in
1584 1631 1752 1671 nomen,
1783 1618 1862 1673 Ep.
1886 1618 1956 1672 90,
1990 1618 2043 1661 16
2074 1618 2119 1659 in
2149 1617 2331 1660 delicias
2353 1618 2468 1660 labo-

323 1703 465 1754 ratur;
506 1699 706 1742 laborare
737 1713 771 1743 c.
804 1698 888 1743 abl.
921 1698 1036 1742 Dial.
1061 1698 1155 1753 VII,
1175 1699 1241 1752 13,
1271 1697 1346 1754 5);
1391 1702 1697 1754 occupatus
1728 1698 1858 1740 alicui
1890 1698 1952 1740 rei
2000 1698 2115 1741 Dial.
2146 1698 2201 1752 X,
2234 1700 2272 1753 7,
2306 1699 2329 1740 1
2361 1698 2468 1740 nulli

321 1778 437 1821 enim
469 1779 640 1834 turpius
671 1779 871 1835 occupati
902 1783 1024 1833 sunt;
1071 1778 1155 1821 nisi
1187 1777 1345 1834 „nulli“
1377 1792 1456 1834 pro
1487 1778 1752 1821 nominativo
1783 1778 1965 1834 pluralis
1995 1778 2163 1821 numeri
2195 1777 2355 1821 habere
2385 1777 2464 1820 vis.

322 1857 532 1910 Quamvis
572 1859 629 1902 ab
660 1858 863 1903 hocloco
893 1858 1082 1902 alienum
1115 1860 1184 1914 sit,
1230 1863 1376 1902 tamen
1420 1872 1580 1915 operae
1610 1858 1797 1915 pretium
1829 1858 2000 1902 videtur
2044 1871 2141 1902 esse
2183 1858 2330 1902 varias
2370 1871 2466 1901 con-

323 1939 583 1982 structiones
605 1938 734 1994 hujus
765 1939 888 1982 verbi
918 1941 963 1981 in
995 1953 1079 1982 uno
1112 1939 1238 1994 quasi
1269 1939 1457 1994 quodam
1489 1944 1721 1995 conspectu
1752 1939 1975 1983 collocare.
2035 1938 2213 1981 Aecum
2234 1951 2382 1995 praep.
2406 1938 2471 1980 ad

324 2019 550 2075 conjunxit
579 2020 658 2076 Ep.
692 2021 760 2077 88,
789 2020 842 2063 21
875 2020 1043 2076 (artes),
1078 2033 1192 2075 quae
1224 2033 1354 2062 manu
1399 2023 1598 2063 constant
1637 2024 1681 2062 et
1710 2019 1768 2062 ad
1798 2019 2095 2063 instruendam
2125 2019 2259 2062 vitam
2289 2032 2468 2075 occupa-

322 2104 394 2143 tae
426 2104 546 2155 sunt,
586 2114 681 2143 cum
720 2100 876 2143 circa
907 2100 986 2156 Ep.
1020 2101 1088 2149 89,
1123 2102 1178 2145 10
1207 2100 1310 2155 quia
1349 2125 1404 2131 —
1437 2100 1553 2142 circa
1593 2100 1725 2142 aliam
1764 2099 1990 2143 materiam
2035 2103 2247 2156 occupata
2284 2099 2353 2154 sit,
2395 2099 2471 2142 cfr.

321 2180 402 2237 Ep.
434 2181 504 2237 33,
537 2182 574 2236 l,
609 2181 675 2238 75,
704 2182 744 2230 5,
773 2181 842 2236 95,
865 2181 891 2224 8
921 2180 1025 2224 Ben.
1045 2181 1142 2236 VII,
1173 2181 1241 2237 28,
1273 2181 1323 2235 23
1370 2193 1466 2224 cum
1513 2180 1667 2223 inter
1696 2180 1775 2236 Ep.
1804 2180 1870 2237 15,
1901 2181 1928 2224 3
1959 2179 2154 2224 homines
2185 2180 2302 2223 inter
2331 2180 2472 2223 oleum

320 2266 364 2304 et
405 2261 553 2304 vinum
595 2261 814 2317 occupati;
870 2274 966 2304 cum
1011 2275 1038 2305 a
1082 2261 1197 2305 Dial.
1231 2261 1326 2317 VII,
1361 2262 1428 2316 11,
1475 2262 1496 2304 1
1539 2260 1659 2316 atqui
1700 2260 1757 2304 ab
1796 2260 1878 2304 hac
1918 2261 2179 2318 (voluptate)
2220 2264 2467 2317 occupatus.

321 2341 596 2385 dominari
628 2341 681 2384 N.
714 2341 764 2392 Q.
795 2342 875 2397 ΙΙΙ,
907 2342 976 2398 28,
1010 2343 1033 2384 7
1081 2342 1265 2385 terrenis
1312 2341 1616 2398 dominantur,
1659 2355 1738 2397 pro
1768 2355 1853 2396 quo
1884 2341 1956 2397 „in
1985 2342 2187 2385 terrena“
2230 2348 2469 2397 exspectes.

319 2421 373 2464 N.
406 2420 456 2472 Q.
489 2421 563 2475 IV,
610 2422 650 2477 2,
691 2422 718 2464 3
763 2421 968 2477 gentibus
1010 2435 1189 2477 sparsus
1227 2442 1284 2459 =
1334 2422 1447 2464 inter
1492 2426 1643 2476 gentes
1685 2434 1749 2477 sp.
1797 2421 2052 2464 alienare
2084 2422 2162 2477 Ep.
2194 2422 2263 2477 82,
2297 2422 2350 2483 15
2394 2420 2471 2463 illa

319 2514 492 2555 quoque
530 2514 600 2544 res
642 2501 768 2544 morti
799 2515 878 2544 nos
908 2501 1085 2557 alienat,
1115 2500 1304 2557 (Seneca
1337 2505 1470 2544 etiam
1500 2501 1668 2545 alienus
1698 2515 1733 2544 c.
1766 2501 1855 2546 dat.
1882 2501 2043 2557 junxit,
2079 2501 2200 2544 velut
2230 2501 2281 2544 N.
2313 2500 2362 2552 Q
2393 2502 2466 2545 IV.

318 2580 462 2625 Praes.
490 2583 505 2624 1
545 2582 635 2624 scio
666 2595 794 2636 quam
825 2582 886 2625 sis
919 2581 1145 2625 ambitioni
1178 2583 1359 2625 alienus.
1424 2582 1611 2625 Verbum
1643 2581 1865 2626 alienandi
1898 2581 1986 2625 Cic.
2020 2595 2116 2625 cum
2147 2582 2470 2639 praepositione

316 2662 410 2717 „a“,
440 2661 594 2705 Livius
626 2666 669 2704 et
688 2662 880 2716 Vellejus
905 2677 1002 2705 cum
1038 2662 1188 2706 dativo
1223 2663 1306 2718 ipsi
1340 2677 1510 2717 quoque
1541 2663 1804 2720 junxerunt).
1835 2663 2098 2707 defluere
2118 2663 2233 2706 Dial.
2255 2660 2394 2718 1X‚'1,
2421 2664 2476 2706 15

318 2741 385 2786 cui
419 2741 578 2798 (bonae
611 2741 763 2798 menti)
809 2756 863 2786 ne
894 2742 1107 2799 paulatim
1154 2742 1355 2799 defluam,
1400 2757 1564 2787 vereor.
1632 2744 1867 2788 educere
1898 2745 2013 2788 Dial.
2047 2744 2143 2799 VII,
2174 2744 2215 2801 2,
2253 2745 2280 2786 3
2326 2748 2374 2786 ut
2403 2758 2471 2787 me

316 2821 586 2865 multitudini
616 2821 860 2866 educerem.
909 2823 1187 2865 abducere
1218 2823 1296 2878 Ep.
1331 2824 1400 2876 88,
1440 2824 1497 2865 34
1529 2824 1698 2879 corpori
1737 2824 1961 2866 abductus.
2035 2824 2134 2867 Jam
2165 2837 2270 2867 vero
2301 2824 2471 2866 Seneca

317 2901 494 2945 videtur
524 2901 695 2944 Horatii
738 2902 984 2957 exemplum
1027 2908 1200 2945 secutus
1239 2917 1362 2957 esse,
1411 2917 1507 2944 cum
1537 2904 1746 2945 scriberet
1776 2905 1889 2946 Dial.
1920 2905 1977 2958 Π,
2010 2906 2077 2959 13,
2123 2905 2151 2946 3
2192 2904 2274 2946 scit
2312 2908 2476 2946 statum

321 2980 421 3036 ejus
464 2995 551 3025 non
585 2981 727 3038 magis
765 2981 928 3025 habere
961 2982 1192 3037 quicquam
1235 2982 1530 3026 invidendum.
1583 2982 1731 3034 Quid?
1769 2984 1885 3038 quod
1916 2983 2150 3027 Forcellini
2181 2983 2390 3026 Senecam
2422 2996 2476 3026 eo
