2767 3489
1332 124 1388 176 29

410 259 617 318 dignus
647 260 748 305 Ben.
766 260 800 318 Ι,
823 261 860 318 1,
890 260 929 304 9.
969 259 1042 318 IV,
1073 259 1142 315 23,
1175 259 1203 303 2
1231 257 1472 317 dignusque
1503 257 1686 317 adorari,
1721 258 1869 316 (paulo
1898 257 2011 302 infra
2040 257 2199 315 „digna
2227 262 2428 316 suspectu

298 340 425 385 luna“
455 340 623 398 exstat).
666 341 718 385 N.
740 340 789 394 Q.
820 341 892 399 VI,
922 342 963 399 4,
996 343 1031 386 1.
1072 341 1145 398 VI,
1173 341 1243 398 30,
1272 343 1311 386 5.
1356 341 1436 396 Ep.
1469 341 1535 397 77,
1566 341 1606 384 6.
1649 341 1716 397 89,
1751 341 1813 384 15.
1844 338 1973 397 (Sunt
2002 343 2146 383 tamen
2176 339 2305 383 etiam
2335 339 2429 396 loci,

299 420 452 476 quibus
497 435 521 466 e
564 435 680 466 more
716 422 902 479 priorum
943 426 1192 479 usurpatum
1234 425 1316 479 est,
1361 421 1478 465 velut
1515 419 1627 465 Dial.
1658 421 1708 478 V,
1742 422 1807 475 18,
1838 422 1866 464 2
1916 420 2085 478 Dignus
2125 425 2217 464 erat
2255 420 2428 478 Marius,

298 501 371 557 qui
400 501 477 546 illa
505 506 733 560 pateretur.
777 502 885 547 Cum
913 502 1122 546 infinitivo
1148 502 1258 546 solos
1287 506 1436 560 poetas
1466 506 1508 546 et
1534 500 1788 560 posteriores
1809 514 1961 559 prosae
1981 500 2183 545 orationis
2203 501 2429 558 scriptores

298 581 378 627 hoc
407 583 582 628 verbum
613 583 874 643 conjungere
903 583 1102 641 constat.)

413 663 615 708 facilis
644 664 721 721 Ep.
756 667 820 723 18,
850 666 878 710 5
908 663 1062 721 corripi
1090 663 1248 708 facilia.
1290 663 1464 721 (Poetas
1492 662 1683 707 imitatus
1713 669 1804 714 est.)

412 744 654 789 idoneus
696 745 773 802 Ep.
807 745 902 802 102,
933 745 989 788 23
1018 743 1162 788 idonei
1192 743 1388 801 spiritum
1426 738 1608 788 trahere.
1666 742 1888 800 (Similiter
1916 743 2059 786 Horat.
2092 743 2171 800 Ep.
2207 745 2242 800 1,
2277 745 2340 799 16,
2375 744 2429 788 12

299 824 415 869 Fons
445 824 574 870 etiam
603 824 696 870 rivo
726 823 831 869 dare
862 837 1016 869 nomen
1042 823 1258 882 idoneus.)

415 905 700 950 insolitus
730 905 842 948 Dial.
872 905 949 962 IX,
982 907 1019 962 1,
1056 906 1107 949 10
1136 904 1209 948 ubi
1239 904 1404 960 aliquid
1432 904 1616 948 animam
1648 904 1862 948 insolitam
1891 905 2063 948 arietari
2092 905 2309 962 percussit.
2339 905 2429 962 (Sic

300 990 469 1042 praeter
489 985 694 1030 Senecam
725 998 850 1029 nemo
880 984 991 1028 alius
1011 984 1170 1029 dixisse
1189 984 1370 1029 videtur.
1414 984 1542 1041 Apud
1563 984 1670 1028 Plin.
1692 985 1791 1028 min.
1811 985 2023 1042 Panegyr.
2042 985 2099 1028 60
2127 991 2183 1029 ut
2212 985 2430 1041 sequitur.)

412 1070 579 1108 natus
608 1065 687 1122 Ep.
717 1066 786 1122 95,
816 1066 870 1108 21
902 1065 992 1122 pati
1021 1069 1160 1109 natae.
2060 1126 2062 1129 Ι

415 1146 633 1190 Postremo
671 1144 830 1189 addere
868 1145 972 1189 libet
1001 1145 1213 1201 quaedam
1244 1159 1270 1190 a
1300 1149 1468 1202 recepto
1498 1146 1699 1201 loquendi
1730 1160 1886 1203 genere
1917 1147 2205 1204 discrepantia
2233 1149 2430 1204 exempla

298 1226 533 1270 accusativi
555 1238 650 1287 cum
673 1226 890 1283 infinitivo,
920 1226 993 1281 qui
1018 1226 1184 1270 dicitur.
1229 1227 1370 1282 Atque
1391 1227 1467 1283 Ep.
1489 1228 1584 1284 124,
1611 1229 1629 1270 1
1664 1227 1726 1271 sic
1747 1233 1996 1284 usurpatum
2016 1228 2232 1272 invenitur
2253 1229 2426 1272 verbum

301 1305 614 1349 laborandi
651 1306 783 1363 (quod
818 1320 872 1350 ne
901 1319 1015 1350 nuuc
1056 1306 1227 1362 quidem
1257 1306 1349 1350 fieri
1378 1306 1598 1364 laborabo)
1628 1312 1671 1351 et
1700 1307 1829 1351 Clem.
1861 1309 1894 1364 Ι,
1928 1309 1992 1365 12,
2026 1311 2046 1353 1
2088 1309 2263 1352 verbum
2307 1323 2428 1365 per-

302 1386 566 1430 suadendi
602 1386 696 1444 (sed
727 1386 921 1442 quotiens
956 1386 1002 1430 id
1038 1386 1129 1431 fieri
1159 1387 1333 1444 publica
1368 1386 1528 1431 utilitas
1560 1388 1818 1444 persuadet).
1868 1388 2012 1442 Quid?
2056 1389 2169 1446 quod
2208 1389 2271 1433 sic
2292 1389 2427 1433 etiam

302 1466 475 1523 rumpi
506 1471 549 1510 et
589 1468 847 1522 torqueri
877 1468 1166 1524 usurpantur?
1231 1467 1315 1510 cfr.
1357 1467 1468 1510 Dial.
1498 1467 1577 1524 VI,
1608 1468 1681 1525 22,
1720 1470 1747 1512 5
1782 1483 1866 1512 non
1901 1475 2168 1526 rumperetur
2202 1483 2332 1526 supra
2354 1469 2428 1512 Cn.

303 1547 500 1603 Pompeji
539 1549 736 1591 constitui
780 1549 1015 1604 Sejanum‘?
1062 1554 1104 1591 et
1143 1549 1256 1591 Dial.
1287 1549 1369 1605 IX,
1411 1551 1482 1605 16,
1526 1551 1547 1591 1
1592 1550 1780 1592 Necesse
1820 1556 1884 1593 est
1927 1552 2112 1606 torqueri
2153 1556 2240 1593 tam
2282 1552 2431 1605 iniqua

302 1628 495 1685 praemia
533 1614 745 1673 fortunam
776 1630 1026 1686 persolvere.
1084 1628 1121 1673 A
1163 1629 1479 1687 lexicographis
1516 1629 1717 1674 docemur
1755 1631 1946 1689 „rumpi“
1987 1633 2056 1676 vel
2094 1632 2329 1689 „torqueri“
2371 1632 2431 1675 in-

300 1708 466 1753 terdum
508 1722 604 1753 eum
649 1710 747 1768 dici,
796 1711 869 1767 qui
916 1710 1154 1769 aegerrime
1200 1709 1310 1755 ferat
1355 1710 1518 1767 aliquid
1564 1715 1607 1755 et
1646 1711 1763 1769 apud
1794 1712 1901 1756 Plin.
1938 1713 2017 1771 Ep.
2054 1714 2090 1771 7,
2126 1714 2183 1758 30
2240 1717 2432 1757 exstare:

302 1789 533 1846 Torqueor,
566 1790 682 1847 quod
713 1790 969 1850 discipulum
999 1775 1186 1850 optimae
1216 1790 1309 1849 spei
1341 1790 1520 1836 amisisti
1552 1795 1597 1837 et
1626 1792 1742 1850 apud
1773 1791 1898 1838 Ovid.
1929 1793 2028 1839 Her.
2060 1795 2100 1852 9,
2129 1794 2184 1839 36
2216 1793 2433 1850 Torqueor

303 1870 458 1915 infesto
488 1885 543 1916 ne
570 1871 636 1916 vir
666 1872 721 1916 ab
752 1872 873 1918 hoste
903 1872 1042 1931 cadat,
1080 1872 1158 1917 sed
1201 1872 1410 1917 neminem
1440 1876 1612 1930 praeter
1642 1871 1846 1918 Senecam
1883 1888 1980 1919 cum
2021 1875 2264 1920 accusativo
2294 1889 2327 1920 c.
2359 1875 2430 1919 inf.

303 1950 590 2007 conjunxisse.
646 1952 742 1997 Non
772 1952 922 1998 dubito
948 1956 1013 1998 ich
1041 1954 1199 2010 zweifle
1229 1955 1341 1998 nicht
1365 1957 1406 1997 et
1428 1967 1513 1997 non
1542 1953 1718 1998 dubium
1748 1959 1813 1999 est
1842 1955 2033 2011 sequitur
2061 1970 2146 2000 acc.
2168 1971 2203 2000 c.
2226 1955 2298 1999 inf.
2321 1956 2431 1999 Dial.

303 2031 358 2089 X,
381 2032 417 2089 1,
449 2032 486 2076 2.
516 2032 571 2090 X,
603 2033 641 2090 2,
666 2034 701 2077 1.
743 2032 873 2078 Clem.
903 2034 937 2091 Ι,
970 2034 1036 2091 13,
1067 2035 1105 2079 5.
1136 2034 1170 2091 Ι,
1204 2034 1269 2091 17,
1287 2034 1326 2078 3.
1366 2033 1466 2078 Ben.
1498 2033 1572 2091 VI,
1602 2034 1671 2092 27,
1702 2036 1738 2079 3.
1770 2035 1820 2078 N.
1843 2034 1891 2088 Q.
1922 2036 2124 2093 II,37,1.
2154 2035 2213 2079 IV
2231 2035 2369 2079 Praef.
2394 2037 2429 2080 1.

304 2114 382 2171 Ep.
417 2115 512 2170 100,
555 2114 618 2157 12.
664 2114 734 2169 52,
776 2114 842 2158 15.
894 2115 989 2171 114,
1021 2117 1084 2158 11.
1137 2113 1240 2158 Ben.
1271 2114 1327 2171 II,
1360 2115 1425 2172 17,
1466 2116 1503 2159 3.
1555 2114 1714 2159 Contra
1759 2115 1906 2160 dubito
1942 2119 2007 2159 ich
2050 2125 2168 2171 traqe
2217 2117 2432 2161 Bedenken

301 2195 380 2252 Ep.
398 2195 532 2251 66,51
567 2194 678 2251 (Ego
703 2194 893 2239 dubitem
923 2195 1026 2250 quin
1056 2195 1196 2252 magis
1226 2195 1445 2252 laudem?)
1474 2208 1570 2240 cum
1601 2197 1730 2251 quin
1761 2197 2035 2252 conjunctum
2058 2202 2132 2241 est.
2179 2198 2269 2241 Nec
2290 2202 2432 2240 tamen

301 2276 451 2333 ignoro
481 2280 704 2331 utramque
734 2280 991 2320 structuram
1022 2276 1152 2320 etiam
1183 2276 1301 2334 apud
1330 2276 1492 2334 priores
1520 2276 1713 2321 inveniri.

416 2357 559 2399 Etiam
594 2356 640 2398 in
683 2356 1008 2413 particularum,
1048 2370 1160 2411 quae
1202 2357 1411 2414 dicuntur,
1447 2369 1526 2400 usu
1565 2357 1755 2401 Senecae
1798 2371 1935 2402 sermo
1978 2360 2155 2401 multum
2185 2373 2213 2401 a
2247 2359 2432 2414 priorum

301 2437 504 2493 loquendi
526 2450 683 2494 genere
703 2436 853 2481 differt.
899 2436 996 2489 Qua
1016 2437 1070 2481 de
1091 2451 1137 2480 re
1166 2437 1416 2494 priusquam
1445 2451 1669 2494 exponam,
1701 2439 1831 2482 affere
1860 2440 1961 2482 libet
1990 2440 2126 2482 locum
2157 2439 2434 2495 praefationis

304 2517 479 2561 alterius
508 2517 611 2560 tomi
642 2517 841 2561 editionis
860 2517 1025 2575 Haasii,
1053 2517 1128 2560 ubi
1156 2517 1211 2560 de
1232 2517 1327 2575 hac,
1357 2532 1468 2573 quae
1496 2518 1650 2576 agitur,
1681 2533 1726 2562 re
1756 2519 2023 2562 doctissimus
2053 2519 2118 2561 vir
2139 2519 2200 2562 sic
2222 2519 2434 2576 disputat:

301 2597 486 2641 Dicendi
516 2611 619 2640 vero
650 2610 753 2640 usus
784 2601 987 2641 accurata
1016 2597 1258 2641 observatio
1297 2612 1392 2641 cum
1430 2597 1487 2640 ad
1527 2598 1635 2641 alias
1675 2611 1742 2641 res
1778 2599 1996 2653 graviores
2026 2603 2089 2642 est
2119 2599 2364 2642 necessaria
2381 2624 2435 2630 —·

302 2690 441 2733 neque
486 2677 599 2721 enim
646 2676 739 2722 sine
779 2691 833 2722 ea
869 2676 961 2721 fieri
1003 2676 1177 2734 poterit,
1236 2677 1283 2721 ut
1320 2676 1492 2721 tandem
1535 2677 1765 2733 aliquando
1808 2678 2014 2722 condatur
2057 2678 2232 2735 linguae
2276 2678 2437 2723 latinae

305 2756 483 2801 historia
510 2758 653 2802 causis
683 2757 773 2802 suis
802 2757 1122 2812 rationibusque
1152 2757 1366 2814 explicata
1381 2783 1448 2814 -,
1488 2762 1577 2801 tum
1620 2758 1677 2801 ad
1717 2758 2055 2802 emendationem
2098 2774 2301 2816 magnum
2331 2760 2435 2803 mihi

305 2838 385 2883 hoc
414 2838 620 2882 auxilium
652 2838 744 2895 fuit,
774 2839 906 2883 multo
936 2838 983 2882 id
1013 2838 1151 2895 magis
1181 2838 1381 2895 futurum,
1411 2838 1447 2882 si
1478 2838 1573 2894 quis
1603 2838 1750 2882 dedita
1779 2854 1910 2896 opera
1931 2840 2057 2896 plene
2079 2840 2190 2885 hanc
2213 2842 2436 2885 materiam

304 2919 640 2977 pertractaverit.
701 2919 875 2964 Nullum
907 2923 1048 2964 autem
1078 2919 1274 2964 vitiorum
1307 2933 1442 2977 genus
1480 2919 1526 2964 in
1556 2919 1745 2966 Senecae
1785 2920 1903 2966 libris
1935 2935 2031 2966 mss
2063 2921 2330 2978 frequentius
2360 2928 2436 2980 est,

304 3013 432 3058 quam
475 2999 590 3056 quod
633 2999 690 3045 ad
728 2999 956 3045 vincienda
995 3004 1037 3044 et
1077 2999 1382 3058 distinguenda
1411 3000 1613 3048 orationis
1659 3001 1848 3046 membra
1877 3002 2083 3062 pertinet3
2124 3003 2286 3051 librarii
2326 3003 2439 3052 enim
