<?xml version="1.0" encoding="UTF-8"?>
<!DOCTYPE html PUBLIC "-//W3C//DTD XHTML 1.0 Transitional//EN"
    "http://www.w3.org/TR/xhtml1/DTD/xhtml1-transitional.dtd">
<html xmlns="http://www.w3.org/1999/xhtml" xml:lang="en" lang="en">
 <head>
  <title>
</title>
<meta http-equiv="Content-Type" content="text/html;charset=utf-8" />
  <meta name='ocr-system' content='tesseract 3.04.00' />
  <meta name='ocr-capabilities' content='ocr_page ocr_carea ocr_par ocr_line ocrx_word'/>
</head>
<body>
  <div class='ocr_page' id='page_1' title='image "4766876_0024.png"; bbox 0 0 2767 3489; ppageno 0'>
   <div class='ocr_carea' id='block_1_1' title="bbox 1378 78 1431 124">
    <p class='ocr_par' dir='ltr' id='par_1_1' title="bbox 1378 78 1431 124">
     <span class='ocr_line' id='line_1_1' title="bbox 1378 78 1431 124; baseline -0.038 0"><span class='ocrx_word' id='word_1_1' title='bbox 1378 78 1431 124; x_wconf 79' lang='lat'>16</span> 
     </span>
    </p>
   </div>
   <div class='ocr_carea' id='block_1_2' title="bbox 320 204 2479 2981">
    <p class='ocr_par' dir='ltr' id='par_1_2' title="bbox 325 204 2479 425">
     <span class='ocr_line' id='line_1_2' title="bbox 327 204 2479 264; baseline 0 -14"><span class='ocrx_word' id='word_1_2' title='bbox 327 211 394 250; x_wconf 77' lang='lat' dir='ltr'>est</span> <span class='ocrx_word' id='word_1_3' title='bbox 424 210 555 262; x_wconf 77' lang='lat' dir='ltr'>atqu·</span> <span class='ocrx_word' id='word_1_4' title='bbox 582 205 658 264; x_wconf 71' lang='lat' dir='ltr'>„in</span> <span class='ocrx_word' id='word_1_5' title='bbox 684 204 957 253; x_wconf 69' lang='lat' dir='ltr'>uaivmum“</span> <span class='ocrx_word' id='word_1_6' title='bbox 976 207 1031 253; x_wconf 68' lang='lat' dir='ltr'>N.</span> <span class='ocrx_word' id='word_1_7' title='bbox 1052 206 1102 260; x_wconf 70' lang='lat' dir='ltr'>Q.</span> <span class='ocrx_word' id='word_1_8' title='bbox 1125 207 1222 264; x_wconf 85' lang='lat' dir='ltr'>VII,</span> <span class='ocrx_word' id='word_1_9' title='bbox 1255 207 1318 263; x_wconf 76' lang='lat'>16,</span> <span class='ocrx_word' id='word_1_10' title='bbox 1349 207 1378 253; x_wconf 79' lang='grc'>2</span> <span class='ocrx_word' id='word_1_11' title='bbox 1409 206 1532 254; x_wconf 61' lang='lat' dir='ltr'>Haeo</span> <span class='ocrx_word' id='word_1_12' title='bbox 1557 206 1605 250; x_wconf 82' lang='grc'>111</span> <span class='ocrx_word' id='word_1_13' title='bbox 1631 217 1865 254; x_wconf 67' lang='lat' dir='ltr'>comme</span> <span class='ocrx_word' id='word_1_14' title='bbox 1888 207 1946 252; x_wconf 73' lang='lat' dir='ltr'>dc</span> <span class='ocrx_word' id='word_1_15' title='bbox 1975 212 2066 257; x_wconf 70' lang='lat' dir='ltr'>tuto,</span> <span class='ocrx_word' id='word_1_16' title='bbox 2095 207 2268 257; x_wconf 61' lang='lat' dir='ltr'>ufic-c</span> <span class='ocrx_word' id='word_1_17' title='bbox 2290 210 2402 263; x_wconf 56' lang='lat' dir='ltr'>atq.</span> <span class='ocrx_word' id='word_1_18' title='bbox 2431 219 2479 263; x_wconf 67' lang='grc'>0.,</span> 
     </span>
     <span class='ocr_line' id='line_1_3' title="bbox 327 286 2479 346; baseline 0 -16"><span class='ocrx_word' id='word_1_19' title='bbox 327 300 415 343; x_wconf 90' lang='lat' dir='ltr'>qua</span> <span class='ocrx_word' id='word_1_20' title='bbox 443 286 487 330; x_wconf 78' lang='lat' dir='ltr'>vi</span> <span class='ocrx_word' id='word_1_21' title='bbox 517 286 626 333; x_wconf 66' lang='lat' dir='ltr'>huc</span> <span class='ocrx_word' id='word_1_22' title='bbox 656 286 812 334; x_wconf 73' lang='grc'>10011110</span> <span class='ocrx_word' id='word_1_23' title='bbox 841 287 974 333; x_wconf 64' lang='lat' dir='ltr'>afim</span> <span class='ocrx_word' id='word_1_24' title='bbox 1001 287 1122 345; x_wconf 69' lang='lat' dir='ltr'>apud</span> <span class='ocrx_word' id='word_1_25' title='bbox 1152 288 1262 333; x_wconf 86' lang='lat' dir='ltr'>Plin.</span> <span class='ocrx_word' id='word_1_26' title='bbox 1292 287 1432 346; x_wconf 78' lang='lat' dir='ltr'>xvn,</span> <span class='ocrx_word' id='word_1_27' title='bbox 1465 290 1502 345; x_wconf 83' lang='lat'>1,</span> <span class='ocrx_word' id='word_1_28' title='bbox 1536 289 1556 331; x_wconf 90' lang='lat'>1</span> <span class='ocrx_word' id='word_1_29' title='bbox 1590 290 1633 331; x_wconf 93' lang='lat' dir='ltr'>et</span> <span class='ocrx_word' id='word_1_30' title='bbox 1660 286 1964 334; x_wconf 54' lang='lat' dir='ltr'>Tanaum.</span> <span class='ocrx_word' id='word_1_31' title='bbox 1997 289 2052 334; x_wconf 89' lang='grc'>27</span> <span class='ocrx_word' id='word_1_32' title='bbox 2084 288 2268 335; x_wconf 71' lang='lat' dir='ltr'>etz-Am</span> <span class='ocrx_word' id='word_1_33' title='bbox 2298 286 2391 343; x_wconf 77' lang='lat' dir='ltr'>XV,</span> <span class='ocrx_word' id='word_1_34' title='bbox 2423 286 2479 332; x_wconf 87' lang='lat'>12</span> 
     </span>
     <span class='ocr_line' id='line_1_4' title="bbox 325 367 767 425; baseline 0.002 -15"><span class='ocrx_word' id='word_1_35' title='bbox 325 373 430 411; x_wconf 81' lang='lat' dir='ltr'>extr.</span> <span class='ocrx_word' id='word_1_36' title='bbox 462 367 662 425; x_wconf 70' lang='lat' dir='ltr'>praedita</span> <span class='ocrx_word' id='word_1_37' title='bbox 690 371 767 415; x_wconf 69' lang='lat' dir='ltr'>est.</span> 
     </span>
    </p>

    <p class='ocr_par' dir='ltr' id='par_1_3' title="bbox 325 446 2474 586">
     <span class='ocr_line' id='line_1_5' title="bbox 442 446 2474 506; baseline -0 -14"><span class='ocrx_word' id='word_1_38' title='bbox 442 461 505 492; x_wconf 81' lang='lat' dir='ltr'>ex</span> <span class='ocrx_word' id='word_1_39' title='bbox 535 447 791 491; x_wconf 68' lang='lat' dir='ltr'>confess-0</span> <span class='ocrx_word' id='word_1_40' title='bbox 830 447 909 505; x_wconf 78' lang='lat' dir='ltr'>Ep.</span> <span class='ocrx_word' id='word_1_41' title='bbox 941 449 1009 504; x_wconf 85' lang='grc'>76,</span> <span class='ocrx_word' id='word_1_42' title='bbox 1044 448 1098 492; x_wconf 85' lang='grc'>12</span> <span class='ocrx_word' id='word_1_43' title='bbox 1125 447 1177 491; x_wconf 85' lang='lat' dir='ltr'>Si</span> <span class='ocrx_word' id='word_1_44' title='bbox 1201 447 1299 503; x_wconf 79' lang='lat' dir='ltr'>quis</span> <span class='ocrx_word' id='word_1_45' title='bbox 1332 447 1478 492; x_wconf 80' lang='lat' dir='ltr'>omnia</span> <span class='ocrx_word' id='word_1_46' title='bbox 1505 447 1594 494; x_wconf 74' lang='lat' dir='ltr'>alia</span> <span class='ocrx_word' id='word_1_47' title='bbox 1624 446 1798 504; x_wconf 73' lang='lat' dir='ltr'>habeat,</span> <span class='ocrx_word' id='word_1_48' title='bbox 1825 446 2201 506; x_wconf 51' lang='lat' dir='ltr'>valitudinem*,</span> <span class='ocrx_word' id='word_1_49' title='bbox 2227 447 2306 496; x_wconf 80' lang='lat' dir='ltr'>sod</span> <span class='ocrx_word' id='word_1_50' title='bbox 2333 446 2474 493; x_wconf 67' lang='lat' dir='ltr'>malm</span> 
     </span>
     <span class='ocr_line' id='line_1_6' title="bbox 325 526 1653 586; baseline 0 -14"><span class='ocrx_word' id='word_1_51' title='bbox 325 542 380 572; x_wconf 87' lang='lat' dir='ltr'>ex</span> <span class='ocrx_word' id='word_1_52' title='bbox 410 527 606 572; x_wconf 71' lang='lat' dir='ltr'>confesso</span> <span class='ocrx_word' id='word_1_53' title='bbox 634 527 704 584; x_wconf 80' lang='lat' dir='ltr'>sit,</span> <span class='ocrx_word' id='word_1_54' title='bbox 732 527 994 584; x_wconf 73' lang='lat' dir='ltr'>improbabis</span> <span class='ocrx_word' id='word_1_55' title='bbox 1023 527 1157 586; x_wconf 86' lang='lat' dir='ltr'>illum,</span> <span class='ocrx_word' id='word_1_56' title='bbox 1185 527 1276 585; x_wconf 88' lang='lat' dir='ltr'>(cfr.</span> <span class='ocrx_word' id='word_1_57' title='bbox 1308 526 1452 579; x_wconf 80' lang='lat' dir='ltr'><strong>Quint.</strong></span> <span class='ocrx_word' id='word_1_58' title='bbox 1485 527 1564 586; x_wconf 84' lang='lat'>111,</span> <span class='ocrx_word' id='word_1_59' title='bbox 1592 527 1653 585; x_wconf 88' lang='lat'>5).</span> 
     </span>
    </p>

    <p class='ocr_par' dir='ltr' id='par_1_4' title="bbox 325 606 2475 826">
     <span class='ocr_line' id='line_1_7' title="bbox 441 606 2475 666; baseline 0.002 -17"><span class='ocrx_word' id='word_1_60' title='bbox 441 608 496 649; x_wconf 91' lang='lat' dir='ltr'>in</span> <span class='ocrx_word' id='word_1_61' title='bbox 526 607 809 652; x_wconf 83' lang='lat' dir='ltr'>confesso.</span> <span class='ocrx_word' id='word_1_62' title='bbox 883 607 1063 664; x_wconf 80' lang='lat' dir='ltr'><strong>Semper</strong></span> <span class='ocrx_word' id='word_1_63' title='bbox 1104 620 1201 652; x_wconf 87' lang='lat' dir='ltr'>cum</span> <span class='ocrx_word' id='word_1_64' title='bbox 1241 608 1388 665; x_wconf 86' lang='lat' dir='ltr'>„esse“</span> <span class='ocrx_word' id='word_1_65' title='bbox 1418 608 1692 665; x_wconf 82' lang='lat' dir='ltr'>conjunctum</span> <span class='ocrx_word' id='word_1_66' title='bbox 1732 611 1798 652; x_wconf 81' lang='lat' dir='ltr'>est</span> <span class='ocrx_word' id='word_1_67' title='bbox 1836 611 1882 652; x_wconf 89' lang='lat' dir='ltr'>et</span> <span class='ocrx_word' id='word_1_68' title='bbox 1919 606 2138 666; x_wconf 69' lang='lat' dir='ltr'>significat</span> <span class='ocrx_word' id='word_1_69' title='bbox 2177 607 2475 666; x_wconf 58' lang='lat' dir='ltr'>„manifestum</span> 
     </span>
     <span class='ocr_line' id='line_1_8' title="bbox 325 687 2473 745; baseline 0 -14"><span class='ocrx_word' id='word_1_70' title='bbox 325 688 457 732; x_wconf 83' lang='lat' dir='ltr'>esse“.</span> <span class='ocrx_word' id='word_1_71' title='bbox 519 688 633 733; x_wconf 87' lang='lat' dir='ltr'>Dial.</span> <span class='ocrx_word' id='word_1_72' title='bbox 667 688 722 745; x_wconf 90' lang='lat' dir='ltr'>X,</span> <span class='ocrx_word' id='word_1_73' title='bbox 752 689 792 744; x_wconf 91' lang='lat'>2,</span> <span class='ocrx_word' id='word_1_74' title='bbox 821 689 851 731; x_wconf 90' lang='grc'><strong>4</strong></span> <span class='ocrx_word' id='word_1_75' title='bbox 880 701 1060 744; x_wconf 81' lang='lat' dir='ltr'>quorum</span> <span class='ocrx_word' id='word_1_76' title='bbox 1098 688 1144 732; x_wconf 88' lang='grc'>111</span> <span class='ocrx_word' id='word_1_77' title='bbox 1174 688 1371 733; x_wconf 75' lang='lat' dir='ltr'>confesso</span> <span class='ocrx_word' id='word_1_78' title='bbox 1409 689 1526 733; x_wconf 76' lang='lat' dir='ltr'>mala</span> <span class='ocrx_word' id='word_1_79' title='bbox 1555 693 1663 733; x_wconf 82' lang='lat' dir='ltr'>sunt.</span> <span class='ocrx_word' id='word_1_80' title='bbox 1724 687 1808 732; x_wconf 77' lang='lat' dir='ltr'>Gfr.</span> <span class='ocrx_word' id='word_1_81' title='bbox 1836 688 1943 734; x_wconf 83' lang='lat' dir='ltr'>Ben.</span> <span class='ocrx_word' id='word_1_82' title='bbox 1975 688 2056 745; x_wconf 87' lang='lat'>111,</span> <span class='ocrx_word' id='word_1_83' title='bbox 2088 690 2155 745; x_wconf 91' lang='grc'>11,</span> <span class='ocrx_word' id='word_1_84' title='bbox 2185 688 2224 732; x_wconf 87' lang='grc'>2.</span> <span class='ocrx_word' id='word_1_85' title='bbox 2254 687 2304 745; x_wconf 89' lang='lat' dir='ltr'>V,</span> <span class='ocrx_word' id='word_1_86' title='bbox 2337 689 2403 745; x_wconf 86' lang='lat'>17,</span> <span class='ocrx_word' id='word_1_87' title='bbox 2432 688 2473 744; x_wconf 89' lang='lat'>5,</span> 
     </span>
     <span class='ocr_line' id='line_1_9' title="bbox 325 767 1812 826; baseline -0.001 -13"><span class='ocrx_word' id='word_1_88' title='bbox 325 769 540 826; x_wconf 83' lang='lat' dir='ltr'>(similiter</span> <span class='ocrx_word' id='word_1_89' title='bbox 569 768 678 812; x_wconf 88' lang='lat' dir='ltr'>Plin.</span> <span class='ocrx_word' id='word_1_90' title='bbox 709 768 891 826; x_wconf 89' lang='lat' dir='ltr'>XXXV,</span> <span class='ocrx_word' id='word_1_91' title='bbox 920 769 959 824; x_wconf 87' lang='lat'>8,</span> <span class='ocrx_word' id='word_1_92' title='bbox 991 769 1050 812; x_wconf 83' lang='lat'>34</span> <span class='ocrx_word' id='word_1_93' title='bbox 1078 772 1122 812; x_wconf 87' lang='lat' dir='ltr'>et</span> <span class='ocrx_word' id='word_1_94' title='bbox 1151 768 1254 813; x_wconf 86' lang='lat' dir='ltr'>Tac.</span> <span class='ocrx_word' id='word_1_95' title='bbox 1283 767 1397 814; x_wconf 78' lang='lat' dir='ltr'>Dial.</span> <span class='ocrx_word' id='word_1_96' title='bbox 1431 769 1488 813; x_wconf 82' lang='lat'>25</span> <span class='ocrx_word' id='word_1_97' title='bbox 1517 767 1648 813; x_wconf 86' lang='lat' dir='ltr'>locuti</span> <span class='ocrx_word' id='word_1_98' title='bbox 1678 767 1812 826; x_wconf 86' lang='lat' dir='ltr'>sunt.)</span> 
     </span>
    </p>

    <p class='ocr_par' dir='ltr' id='par_1_5' title="bbox 325 846 2472 986">
     <span class='ocr_line' id='line_1_10' title="bbox 439 846 2472 906; baseline 0 -13"><span class='ocrx_word' id='word_1_99' title='bbox 439 850 490 893; x_wconf 91' lang='lat' dir='ltr'>in</span> <span class='ocrx_word' id='word_1_100' title='bbox 520 849 823 906; x_wconf 84' lang='lat' dir='ltr'>conspicuo</span> <span class='ocrx_word' id='word_1_101' title='bbox 852 848 967 893; x_wconf 80' lang='lat' dir='ltr'>Dial.</span> <span class='ocrx_word' id='word_1_102' title='bbox 996 848 1051 905; x_wconf 89' lang='lat' dir='ltr'>X,</span> <span class='ocrx_word' id='word_1_103' title='bbox 1085 849 1154 906; x_wconf 89' lang='lat'>20,</span> <span class='ocrx_word' id='word_1_104' title='bbox 1184 850 1213 893; x_wconf 87' lang='lat'>5</span> <span class='ocrx_word' id='word_1_105' title='bbox 1242 848 1377 893; x_wconf 88' lang='lat' dir='ltr'>Nemo</span> <span class='ocrx_word' id='word_1_106' title='bbox 1407 849 1453 894; x_wconf 92' lang='lat' dir='ltr'>in</span> <span class='ocrx_word' id='word_1_107' title='bbox 1483 848 1711 905; x_wconf 82' lang='lat' dir='ltr'>conspicuo</span> <span class='ocrx_word' id='word_1_108' title='bbox 1740 852 1918 894; x_wconf 88' lang='lat' dir='ltr'>mortem</span> <span class='ocrx_word' id='word_1_109' title='bbox 1950 848 2092 905; x_wconf 81' lang='lat' dir='ltr'>habet,</span> <span class='ocrx_word' id='word_1_110' title='bbox 2129 847 2264 906; x_wconf 85' lang='lat' dir='ltr'>(quod</span> <span class='ocrx_word' id='word_1_111' title='bbox 2293 846 2472 893; x_wconf 73' lang='lat' dir='ltr'>Porcell.</span> 
     </span>
     <span class='ocr_line' id='line_1_11' title="bbox 325 926 2471 986; baseline -0.002 -11"><span class='ocrx_word' id='word_1_112' title='bbox 325 935 443 975; x_wconf 85' lang='lat' dir='ltr'>recte</span> <span class='ocrx_word' id='word_1_113' title='bbox 460 930 786 986; x_wconf 81' lang='lat' dir='ltr'>interpretatur:</span> <span class='ocrx_word' id='word_1_114' title='bbox 806 933 1026 984; x_wconf 70' lang='lat' dir='ltr'>tamquam</span> <span class='ocrx_word' id='word_1_115' title='bbox 1047 932 1320 985; x_wconf 71' lang='lat' dir='ltr'>praesentem</span> <span class='ocrx_word' id='word_1_116' title='bbox 1341 928 1549 984; x_wconf 81' lang='lat' dir='ltr'>intuetur3</span> <span class='ocrx_word' id='word_1_117' title='bbox 1566 928 1736 973; x_wconf 86' lang='lat' dir='ltr'>Seneca</span> <span class='ocrx_word' id='word_1_118' title='bbox 1754 929 1872 972; x_wconf 83' lang='lat' dir='ltr'>solus</span> <span class='ocrx_word' id='word_1_119' title='bbox 1892 927 1954 973; x_wconf 82' lang='lat' dir='ltr'>sic</span> <span class='ocrx_word' id='word_1_120' title='bbox 1971 929 2141 974; x_wconf 74' lang='lat' dir='ltr'>locutus</span> <span class='ocrx_word' id='word_1_121' title='bbox 2159 940 2254 972; x_wconf 83' lang='lat' dir='ltr'>esse</span> <span class='ocrx_word' id='word_1_122' title='bbox 2272 926 2471 983; x_wconf 88' lang='lat' dir='ltr'>videtur).</span> 
     </span>
    </p>

    <p class='ocr_par' dir='ltr' id='par_1_6' title="bbox 326 1006 2475 1225">
     <span class='ocr_line' id='line_1_12' title="bbox 443 1006 2473 1064; baseline -0.001 -11"><span class='ocrx_word' id='word_1_123' title='bbox 443 1009 785 1054; x_wconf 78' lang='lat' dir='ltr'>econtrario</span> <span class='ocrx_word' id='word_1_124' title='bbox 828 1009 930 1052; x_wconf 88' lang='lat' dir='ltr'>Ben.</span> <span class='ocrx_word' id='word_1_125' title='bbox 961 1008 994 1064; x_wconf 92' lang='grc' dir='ltr'>Ι,</span> <span class='ocrx_word' id='word_1_126' title='bbox 1028 1009 1094 1063; x_wconf 84' lang='grc'>11,</span> <span class='ocrx_word' id='word_1_127' title='bbox 1124 1009 1152 1052; x_wconf 88' lang='grc'><strong>6</strong></span> <span class='ocrx_word' id='word_1_128' title='bbox 1199 1021 1335 1063; x_wconf 87' lang='lat' dir='ltr'>aeque</span> <span class='ocrx_word' id='word_1_129' title='bbox 1384 1022 1437 1052; x_wconf 88' lang='lat' dir='ltr'>ex</span> <span class='ocrx_word' id='word_1_130' title='bbox 1488 1007 1698 1052; x_wconf 86' lang='lat' dir='ltr'>contrario</span> <span class='ocrx_word' id='word_1_131' title='bbox 1747 1007 2153 1064; x_wconf 83' lang='lat' dir='ltr'>circumspiciemus.</span> <span class='ocrx_word' id='word_1_132' title='bbox 2244 1006 2329 1050; x_wconf 83' lang='lat' dir='ltr'>Cfr.</span> <span class='ocrx_word' id='word_1_133' title='bbox 2370 1006 2473 1050; x_wconf 83' lang='lat' dir='ltr'>Ben.</span> 
     </span>
     <span class='ocr_line' id='line_1_13' title="bbox 326 1086 2475 1146; baseline -0.002 -12"><span class='ocrx_word' id='word_1_134' title='bbox 326 1091 406 1146; x_wconf 88' lang='lat' dir='ltr'>III,</span> <span class='ocrx_word' id='word_1_135' title='bbox 435 1090 505 1146; x_wconf 90' lang='grc'>21,</span> <span class='ocrx_word' id='word_1_136' title='bbox 543 1089 570 1132; x_wconf 90' lang='grc'>2</span> <span class='ocrx_word' id='word_1_137' title='bbox 602 1088 731 1132; x_wconf 82' lang='grc'>010111.</span> <span class='ocrx_word' id='word_1_138' title='bbox 761 1088 794 1144; x_wconf 91' lang='grc' dir='ltr'>Ι,</span> <span class='ocrx_word' id='word_1_139' title='bbox 829 1088 895 1145; x_wconf 88' lang='grc'>13,</span> <span class='ocrx_word' id='word_1_140' title='bbox 934 1089 975 1144; x_wconf 86' lang='grc'>4,</span> <span class='ocrx_word' id='word_1_141' title='bbox 1032 1087 1112 1144; x_wconf 88' lang='lat' dir='ltr'>Ep.</span> <span class='ocrx_word' id='word_1_142' title='bbox 1142 1088 1210 1144; x_wconf 86' lang='grc'>73,</span> <span class='ocrx_word' id='word_1_143' title='bbox 1240 1088 1279 1131; x_wconf 88' lang='grc'>2.</span> <span class='ocrx_word' id='word_1_144' title='bbox 1319 1087 1390 1145; x_wconf 90' lang='grc'>92,</span> <span class='ocrx_word' id='word_1_145' title='bbox 1423 1089 1489 1144; x_wconf 91' lang='grc'>19,</span> <span class='ocrx_word' id='word_1_146' title='bbox 1526 1087 1638 1145; x_wconf 88' lang='lat' dir='ltr'>(jam</span> <span class='ocrx_word' id='word_1_147' title='bbox 1667 1087 1815 1133; x_wconf 85' lang='lat' dir='ltr'>Cicero</span> <span class='ocrx_word' id='word_1_148' title='bbox 1856 1092 1901 1133; x_wconf 90' lang='lat' dir='ltr'>et</span> <span class='ocrx_word' id='word_1_149' title='bbox 1938 1087 2100 1132; x_wconf 77' lang='lat' dir='ltr'>Cacsar</span> <span class='ocrx_word' id='word_1_150' title='bbox 2138 1087 2220 1131; x_wconf 82' lang='lat' dir='ltr'>hac</span> <span class='ocrx_word' id='word_1_151' title='bbox 2261 1086 2475 1132; x_wconf 68' lang='lat' dir='ltr'>locutione</span> 
     </span>
     <span class='ocr_line' id='line_1_14' title="bbox 327 1168 553 1225; baseline -0.004 -13"><span class='ocrx_word' id='word_1_152' title='bbox 327 1169 392 1213; x_wconf 89' lang='lat' dir='ltr'>usi</span> <span class='ocrx_word' id='word_1_153' title='bbox 424 1168 553 1225; x_wconf 89' lang='lat' dir='ltr'>sunt).</span> 
     </span>
    </p>

    <p class='ocr_par' dir='ltr' id='par_1_7' title="bbox 442 1247 1660 1304">
     <span class='ocr_line' id='line_1_15' title="bbox 442 1247 1660 1304; baseline -0.002 -11"><span class='ocrx_word' id='word_1_154' title='bbox 442 1249 496 1293; x_wconf 90' lang='lat' dir='ltr'>in</span> <span class='ocrx_word' id='word_1_155' title='bbox 527 1248 869 1293; x_wconf 86' lang='lat' dir='ltr'>contrarium</span> <span class='ocrx_word' id='word_1_156' title='bbox 907 1247 985 1304; x_wconf 87' lang='lat' dir='ltr'>Ep.</span> <span class='ocrx_word' id='word_1_157' title='bbox 1017 1248 1087 1304; x_wconf 85' lang='lat'>59,</span> <span class='ocrx_word' id='word_1_158' title='bbox 1118 1248 1145 1291; x_wconf 93' lang='grc'>2</span> <span class='ocrx_word' id='word_1_159' title='bbox 1175 1247 1221 1290; x_wconf 85' lang='grc'>111</span> <span class='ocrx_word' id='word_1_160' title='bbox 1250 1247 1510 1292; x_wconf 75' lang='lat' dir='ltr'>contrarium</span> <span class='ocrx_word' id='word_1_161' title='bbox 1539 1247 1660 1292; x_wconf 85' lang='lat' dir='ltr'>verti.</span> 
     </span>
    </p>

    <p class='ocr_par' dir='ltr' id='par_1_8' title="bbox 321 1325 2475 1543">
     <span class='ocr_line' id='line_1_16' title="bbox 442 1325 2473 1389; baseline -0.002 -16"><span class='ocrx_word' id='word_1_162' title='bbox 442 1342 507 1373; x_wconf 86' lang='lat' dir='ltr'>ex</span> <span class='ocrx_word' id='word_1_163' title='bbox 549 1328 884 1373; x_wconf 87' lang='lat' dir='ltr'>denuntiato</span> <span class='ocrx_word' id='word_1_164' title='bbox 932 1327 1010 1384; x_wconf 85' lang='lat' dir='ltr'>Ep.</span> <span class='ocrx_word' id='word_1_165' title='bbox 1042 1327 1119 1384; x_wconf 85' lang='lat'>79,</span> <span class='ocrx_word' id='word_1_166' title='bbox 1154 1328 1219 1383; x_wconf 84' lang='lat'>18,</span> <span class='ocrx_word' id='word_1_167' title='bbox 1251 1327 1343 1378; x_wconf 87' lang='lat' dir='ltr'>(ubi</span> <span class='ocrx_word' id='word_1_168' title='bbox 1381 1327 1422 1371; x_wconf 89' lang='lat' dir='ltr'>ei</span> <span class='ocrx_word' id='word_1_169' title='bbox 1457 1327 1684 1384; x_wconf 87' lang='lat' dir='ltr'>opponitur</span> <span class='ocrx_word' id='word_1_170' title='bbox 1720 1328 1982 1384; x_wconf 84' lang='lat' dir='ltr'>„imparatus</span> <span class='ocrx_word' id='word_1_171' title='bbox 2014 1342 2065 1372; x_wconf 89' lang='lat' dir='ltr'>ac</span> <span class='ocrx_word' id='word_1_172' title='bbox 2104 1327 2392 1389; x_wconf 35' lang='lat' dir='ltr'>subito⁴‘),·N.</span> <span class='ocrx_word' id='word_1_173' title='bbox 2424 1325 2473 1378; x_wconf 85' lang='lat' dir='ltr'>Q.</span> 
     </span>
     <span class='ocr_line' id='line_1_17' title="bbox 325 1405 2475 1466; baseline -0.002 -14"><span class='ocrx_word' id='word_1_174' title='bbox 325 1410 405 1466; x_wconf 92' lang='lat' dir='ltr'>III,</span> <span class='ocrx_word' id='word_1_175' title='bbox 437 1409 505 1465; x_wconf 88' lang='lat'>30,</span> <span class='ocrx_word' id='word_1_176' title='bbox 539 1410 559 1450; x_wconf 93' lang='lat'>1</span> <span class='ocrx_word' id='word_1_177' title='bbox 595 1408 703 1450; x_wconf 86' lang='lat' dir='ltr'><strong>Sunt</strong></span> <span class='ocrx_word' id='word_1_178' title='bbox 733 1407 889 1463; x_wconf 88' lang='lat' dir='ltr'>omnia,</span> <span class='ocrx_word' id='word_1_179' title='bbox 930 1411 977 1449; x_wconf 91' lang='lat' dir='ltr'>ut</span> <span class='ocrx_word' id='word_1_180' title='bbox 1013 1406 1118 1463; x_wconf 87' lang='lat' dir='ltr'>dixi,</span> <span class='ocrx_word' id='word_1_181' title='bbox 1161 1406 1307 1450; x_wconf 79' lang='lat' dir='ltr'>facilia</span> <span class='ocrx_word' id='word_1_182' title='bbox 1348 1410 1549 1463; x_wconf 86' lang='lat' dir='ltr'>naturae,</span> <span class='ocrx_word' id='word_1_183' title='bbox 1591 1411 1638 1450; x_wconf 92' lang='lat' dir='ltr'>ut</span> <span class='ocrx_word' id='word_1_184' title='bbox 1677 1420 1788 1462; x_wconf 86' lang='lat' dir='ltr'>quae</span> <span class='ocrx_word' id='word_1_185' title='bbox 1830 1421 1857 1451; x_wconf 82' lang='lat' dir='ltr'>a</span> <span class='ocrx_word' id='word_1_186' title='bbox 1896 1408 2032 1464; x_wconf 91' lang='lat' dir='ltr'>primo</span> <span class='ocrx_word' id='word_1_187' title='bbox 2063 1407 2206 1452; x_wconf 76' lang='lat' dir='ltr'>facere</span> <span class='ocrx_word' id='word_1_188' title='bbox 2245 1405 2475 1461; x_wconf 80' lang='lat' dir='ltr'>constituit,</span> 
     </span>
     <span class='ocr_line' id='line_1_18' title="bbox 321 1486 1460 1543; baseline -0.004 -11"><span class='ocrx_word' id='word_1_189' title='bbox 321 1489 383 1532; x_wconf 85' lang='lat' dir='ltr'>ad</span> <span class='ocrx_word' id='word_1_190' title='bbox 409 1502 521 1543; x_wconf 86' lang='lat' dir='ltr'>quae</span> <span class='ocrx_word' id='word_1_191' title='bbox 551 1501 636 1530; x_wconf 92' lang='lat' dir='ltr'>non</span> <span class='ocrx_word' id='word_1_192' title='bbox 666 1487 820 1542; x_wconf 85' lang='lat' dir='ltr'>subito,</span> <span class='ocrx_word' id='word_1_193' title='bbox 849 1486 928 1529; x_wconf 87' lang='lat' dir='ltr'>sed</span> <span class='ocrx_word' id='word_1_194' title='bbox 964 1500 1018 1529; x_wconf 87' lang='lat' dir='ltr'>ex</span> <span class='ocrx_word' id='word_1_195' title='bbox 1049 1486 1300 1529; x_wconf 88' lang='lat' dir='ltr'>denuntiato</span> <span class='ocrx_word' id='word_1_196' title='bbox 1330 1486 1460 1529; x_wconf 89' lang='lat' dir='ltr'>venit.</span> 
     </span>
    </p>

    <p class='ocr_par' dir='ltr' id='par_1_9' title="bbox 321 1564 2474 1863">
     <span class='ocr_line' id='line_1_19' title="bbox 442 1564 2472 1623; baseline 0 -13"><span class='ocrx_word' id='word_1_197' title='bbox 442 1580 506 1611; x_wconf 87' lang='lat' dir='ltr'>ex</span> <span class='ocrx_word' id='word_1_198' title='bbox 537 1565 830 1610; x_wconf 87' lang='lat' dir='ltr'>destinato</span> <span class='ocrx_word' id='word_1_199' title='bbox 869 1565 981 1608; x_wconf 82' lang='lat' dir='ltr'>Dial.</span> <span class='ocrx_word' id='word_1_200' title='bbox 1011 1565 1061 1621; x_wconf 94' lang='lat' dir='ltr'>V,</span> <span class='ocrx_word' id='word_1_201' title='bbox 1100 1565 1139 1621; x_wconf 87' lang='lat'>6,</span> <span class='ocrx_word' id='word_1_202' title='bbox 1170 1566 1199 1608; x_wconf 89' lang='lat'>4</span> <span class='ocrx_word' id='word_1_203' title='bbox 1241 1578 1325 1608; x_wconf 92' lang='lat' dir='ltr'>non</span> <span class='ocrx_word' id='word_1_204' title='bbox 1356 1578 1410 1608; x_wconf 86' lang='lat' dir='ltr'>ex</span> <span class='ocrx_word' id='word_1_205' title='bbox 1449 1565 1661 1609; x_wconf 85' lang='lat' dir='ltr'>destinato</span> <span class='ocrx_word' id='word_1_206' title='bbox 1698 1565 1915 1622; x_wconf 89' lang='lat' dir='ltr'>proposita</span> <span class='ocrx_word' id='word_1_207' title='bbox 1945 1565 2170 1623; x_wconf 88' lang='lat' dir='ltr'>fluxerunt,</span> <span class='ocrx_word' id='word_1_208' title='bbox 2218 1565 2351 1623; x_wconf 91' lang='lat' dir='ltr'>(idem</span> <span class='ocrx_word' id='word_1_209' title='bbox 2382 1564 2472 1610; x_wconf 82' lang='lat' dir='ltr'>fere</span> 
     </span>
     <span class='ocr_line' id='line_1_20' title="bbox 325 1645 2474 1705; baseline -0.001 -14"><span class='ocrx_word' id='word_1_210' title='bbox 325 1654 402 1705; x_wconf 87' lang='lat' dir='ltr'>est,</span> <span class='ocrx_word' id='word_1_211' title='bbox 433 1647 549 1703; x_wconf 91' lang='lat' dir='ltr'>quod</span> <span class='ocrx_word' id='word_1_212' title='bbox 579 1647 707 1703; x_wconf 91' lang='lat' dir='ltr'>paulo</span> <span class='ocrx_word' id='word_1_213' title='bbox 737 1646 851 1690; x_wconf 89' lang='lat' dir='ltr'>infra</span> <span class='ocrx_word' id='word_1_214' title='bbox 880 1645 1008 1689; x_wconf 82' lang='lat' dir='ltr'>dixit:</span> <span class='ocrx_word' id='word_1_215' title='bbox 1051 1645 1119 1689; x_wconf 92' lang='lat' dir='ltr'>cui</span> <span class='ocrx_word' id='word_1_216' title='bbox 1150 1649 1298 1689; x_wconf 87' lang='lat' dir='ltr'>contra</span> <span class='ocrx_word' id='word_1_217' title='bbox 1327 1658 1457 1701; x_wconf 86' lang='lat' dir='ltr'>quam</span> <span class='ocrx_word' id='word_1_218' title='bbox 1488 1650 1782 1703; x_wconf 85' lang='lat' dir='ltr'>proposuerat,</span> <span class='ocrx_word' id='word_1_219' title='bbox 1812 1645 1960 1702; x_wconf 83' lang='lat' dir='ltr'>aliqua</span> <span class='ocrx_word' id='word_1_220' title='bbox 1993 1645 2245 1704; x_wconf 83' lang='lat' dir='ltr'>cesserunt).</span> <span class='ocrx_word' id='word_1_221' title='bbox 2307 1645 2391 1690; x_wconf 80' lang='lat' dir='ltr'>Cfr.</span> <span class='ocrx_word' id='word_1_222' title='bbox 2422 1645 2474 1689; x_wconf 90' lang='lat' dir='ltr'>N.</span> 
     </span>
     <span class='ocr_line' id='line_1_21' title="bbox 321 1725 2474 1785; baseline -0.001 -13"><span class='ocrx_word' id='word_1_223' title='bbox 321 1727 378 1780; x_wconf 68' lang='lat' dir='ltr'>Q„</span> <span class='ocrx_word' id='word_1_224' title='bbox 408 1728 464 1785; x_wconf 90' lang='lat'>11,</span> <span class='ocrx_word' id='word_1_225' title='bbox 485 1729 555 1784; x_wconf 84' lang='lat'>35,</span> <span class='ocrx_word' id='word_1_226' title='bbox 585 1728 624 1785; x_wconf 89' lang='lat'>2,</span> <span class='ocrx_word' id='word_1_227' title='bbox 667 1727 769 1770; x_wconf 89' lang='lat' dir='ltr'>Ben.</span> <span class='ocrx_word' id='word_1_228' title='bbox 792 1726 866 1784; x_wconf 89' lang='lat' dir='ltr'>VI,</span> <span class='ocrx_word' id='word_1_229' title='bbox 891 1728 957 1783; x_wconf 89' lang='lat'>10,</span> <span class='ocrx_word' id='word_1_230' title='bbox 987 1726 1015 1768; x_wconf 90' lang='grc'>2</span> <span class='ocrx_word' id='word_1_231' title='bbox 1045 1739 1130 1768; x_wconf 87' lang='grc'>11011</span> <span class='ocrx_word' id='word_1_232' title='bbox 1160 1725 1273 1769; x_wconf 84' lang='grc'>0111111</span> <span class='ocrx_word' id='word_1_233' title='bbox 1294 1725 1506 1782; x_wconf 83' lang='lat' dir='ltr'>profuisse</span> <span class='ocrx_word' id='word_1_234' title='bbox 1535 1731 1577 1770; x_wconf 89' lang='lat' dir='ltr'>te</span> <span class='ocrx_word' id='word_1_235' title='bbox 1607 1725 1713 1769; x_wconf 90' lang='lat' dir='ltr'>mihi</span> <span class='ocrx_word' id='word_1_236' title='bbox 1733 1730 1907 1784; x_wconf 83' lang='lat' dir='ltr'>oportet,</span> <span class='ocrx_word' id='word_1_237' title='bbox 1939 1731 1985 1770; x_wconf 91' lang='lat' dir='ltr'>ut</span> <span class='ocrx_word' id='word_1_238' title='bbox 2016 1727 2070 1770; x_wconf 92' lang='lat' dir='ltr'>ob</span> <span class='ocrx_word' id='word_1_239' title='bbox 2090 1727 2170 1771; x_wconf 93' lang='lat' dir='ltr'>hoc</span> <span class='ocrx_word' id='word_1_240' title='bbox 2199 1725 2276 1770; x_wconf 90' lang='lat' dir='ltr'>tibi</span> <span class='ocrx_word' id='word_1_241' title='bbox 2298 1725 2474 1783; x_wconf 89' lang='lat' dir='ltr'>obliger,</span> 
     </span>
     <span class='ocr_line' id='line_1_22' title="bbox 326 1805 2472 1863; baseline -0.001 -11"><span class='ocrx_word' id='word_1_242' title='bbox 326 1808 405 1852; x_wconf 88' lang='lat' dir='ltr'>sed</span> <span class='ocrx_word' id='word_1_243' title='bbox 426 1822 480 1852; x_wconf 85' lang='lat' dir='ltr'>ex</span> <span class='ocrx_word' id='word_1_244' title='bbox 503 1808 716 1851; x_wconf 87' lang='lat' dir='ltr'>destinato</span> <span class='ocrx_word' id='word_1_245' title='bbox 737 1806 960 1863; x_wconf 82' lang='lat' dir='ltr'>profuisse,</span> <span class='ocrx_word' id='word_1_246' title='bbox 991 1806 1093 1849; x_wconf 90' lang='lat' dir='ltr'>Ben.</span> <span class='ocrx_word' id='word_1_247' title='bbox 1115 1805 1186 1862; x_wconf 91' lang='lat' dir='ltr'>VI,</span> <span class='ocrx_word' id='word_1_248' title='bbox 1208 1806 1276 1862; x_wconf 88' lang='lat'>23,</span> <span class='ocrx_word' id='word_1_249' title='bbox 1297 1807 1326 1848; x_wconf 90' lang='grc'>4</span> <span class='ocrx_word' id='word_1_250' title='bbox 1345 1805 1495 1863; x_wconf 91' lang='lat' dir='ltr'>Adice,</span> <span class='ocrx_word' id='word_1_251' title='bbox 1517 1806 1631 1861; x_wconf 90' lang='lat' dir='ltr'>quod</span> <span class='ocrx_word' id='word_1_252' title='bbox 1654 1820 1708 1849; x_wconf 85' lang='lat' dir='ltr'>ex</span> <span class='ocrx_word' id='word_1_253' title='bbox 1730 1806 1944 1851; x_wconf 81' lang='lat' dir='ltr'>destinato</span> <span class='ocrx_word' id='word_1_254' title='bbox 1964 1806 2131 1861; x_wconf 83' lang='lat' dir='ltr'>juvant.</span> <span class='ocrx_word' id='word_1_255' title='bbox 2164 1805 2293 1850; x_wconf 90' lang='lat' dir='ltr'>Clem.</span> <span class='ocrx_word' id='word_1_256' title='bbox 2316 1807 2350 1862; x_wconf 94' lang='lat' dir='ltr'>I,</span> <span class='ocrx_word' id='word_1_257' title='bbox 2372 1807 2412 1863; x_wconf 88' lang='lat'>6,</span> <span class='ocrx_word' id='word_1_258' title='bbox 2433 1807 2472 1850; x_wconf 90' lang='lat'>3.</span> 
     </span>
    </p>

    <p class='ocr_par' dir='ltr' id='par_1_10' title="bbox 323 1885 2474 2262">
     <span class='ocr_line' id='line_1_23' title="bbox 443 1885 2473 1942; baseline -0.001 -11"><span class='ocrx_word' id='word_1_259' title='bbox 443 1902 506 1931; x_wconf 83' lang='lat' dir='ltr'>ex</span> <span class='ocrx_word' id='word_1_260' title='bbox 544 1886 792 1931; x_wconf 86' lang='lat' dir='ltr'>difficili</span> <span class='ocrx_word' id='word_1_261' title='bbox 830 1886 932 1929; x_wconf 91' lang='lat' dir='ltr'>Ben.</span> <span class='ocrx_word' id='word_1_262' title='bbox 967 1885 1062 1942; x_wconf 92' lang='lat' dir='ltr'>VII,</span> <span class='ocrx_word' id='word_1_263' title='bbox 1095 1887 1134 1942; x_wconf 87' lang='lat'>3,</span> <span class='ocrx_word' id='word_1_264' title='bbox 1167 1887 1193 1928; x_wconf 91' lang='grc'>2</span> <span class='ocrx_word' id='word_1_265' title='bbox 1233 1885 1356 1928; x_wconf 88' lang='lat' dir='ltr'>Unus</span> <span class='ocrx_word' id='word_1_266' title='bbox 1386 1891 1452 1928; x_wconf 88' lang='lat' dir='ltr'>est</span> <span class='ocrx_word' id='word_1_267' title='bbox 1481 1885 1667 1942; x_wconf 78' lang='lat' dir='ltr'>sapienS,</span> <span class='ocrx_word' id='word_1_268' title='bbox 1708 1885 1834 1940; x_wconf 86' lang='lat' dir='ltr'>cujus</span> <span class='ocrx_word' id='word_1_269' title='bbox 1864 1885 2007 1929; x_wconf 86' lang='lat' dir='ltr'>omnia</span> <span class='ocrx_word' id='word_1_270' title='bbox 2039 1890 2139 1929; x_wconf 87' lang='lat' dir='ltr'>sunt</span> <span class='ocrx_word' id='word_1_271' title='bbox 2172 1898 2248 1930; x_wconf 89' lang='lat' dir='ltr'>nec</span> <span class='ocrx_word' id='word_1_272' title='bbox 2280 1899 2334 1930; x_wconf 84' lang='lat' dir='ltr'>ex</span> <span class='ocrx_word' id='word_1_273' title='bbox 2366 1885 2473 1930; x_wconf 86' lang='lat' dir='ltr'>diffi-</span> 
     </span>
     <span class='ocr_line' id='line_1_24' title="bbox 326 1964 2474 2022; baseline -0.001 -11"><span class='ocrx_word' id='word_1_274' title='bbox 326 1968 397 2012; x_wconf 88' lang='lat' dir='ltr'>cili</span> <span class='ocrx_word' id='word_1_275' title='bbox 427 1967 599 2011; x_wconf 88' lang='lat' dir='ltr'>tuenda.</span> <span class='ocrx_word' id='word_1_276' title='bbox 658 1967 737 2022; x_wconf 88' lang='lat' dir='ltr'>Ep.</span> <span class='ocrx_word' id='word_1_277' title='bbox 770 1966 838 2022; x_wconf 89' lang='lat'>23,</span> <span class='ocrx_word' id='word_1_278' title='bbox 869 1966 896 2008; x_wconf 91' lang='grc'>2</span> <span class='ocrx_word' id='word_1_279' title='bbox 926 1965 1133 2008; x_wconf 88' lang='lat' dir='ltr'>sollicitus</span> <span class='ocrx_word' id='word_1_280' title='bbox 1173 1971 1236 2007; x_wconf 84' lang='lat' dir='ltr'>est</span> <span class='ocrx_word' id='word_1_281' title='bbox 1275 1970 1315 2007; x_wconf 88' lang='lat' dir='ltr'>et</span> <span class='ocrx_word' id='word_1_282' title='bbox 1344 1964 1532 2007; x_wconf 84' lang='lat' dir='ltr'>incertus</span> <span class='ocrx_word' id='word_1_283' title='bbox 1562 1964 1649 2020; x_wconf 91' lang='lat' dir='ltr'>sui,</span> <span class='ocrx_word' id='word_1_284' title='bbox 1686 1979 1811 2019; x_wconf 90' lang='lat' dir='ltr'>quem</span> <span class='ocrx_word' id='word_1_285' title='bbox 1843 1978 1942 2020; x_wconf 86' lang='lat' dir='ltr'>spes</span> <span class='ocrx_word' id='word_1_286' title='bbox 1974 1965 2122 2020; x_wconf 85' lang='lat' dir='ltr'>aliqua</span> <span class='ocrx_word' id='word_1_287' title='bbox 2152 1965 2342 2021; x_wconf 84' lang='lat' dir='ltr'>proritat,</span> <span class='ocrx_word' id='word_1_288' title='bbox 2371 1965 2474 2009; x_wconf 90' lang='lat' dir='ltr'>licet</span> 
     </span>
     <span class='ocr_line' id='line_1_25' title="bbox 324 2043 2470 2102; baseline -0.002 -11"><span class='ocrx_word' id='word_1_289' title='bbox 324 2047 384 2091; x_wconf 87' lang='lat' dir='ltr'>ad</span> <span class='ocrx_word' id='word_1_290' title='bbox 420 2060 594 2091; x_wconf 85' lang='lat' dir='ltr'>manum</span> <span class='ocrx_word' id='word_1_291' title='bbox 633 2046 711 2102; x_wconf 88' lang='lat' dir='ltr'>sit,</span> <span class='ocrx_word' id='word_1_292' title='bbox 755 2045 856 2089; x_wconf 91' lang='lat' dir='ltr'>licet</span> <span class='ocrx_word' id='word_1_293' title='bbox 886 2058 971 2088; x_wconf 90' lang='lat' dir='ltr'>non</span> <span class='ocrx_word' id='word_1_294' title='bbox 1009 2058 1063 2087; x_wconf 86' lang='lat' dir='ltr'>ex</span> <span class='ocrx_word' id='word_1_295' title='bbox 1094 2043 1258 2088; x_wconf 85' lang='lat' dir='ltr'>difficili</span> <span class='ocrx_word' id='word_1_296' title='bbox 1289 2049 1471 2100; x_wconf 86' lang='lat' dir='ltr'>petatur,</span> <span class='ocrx_word' id='word_1_297' title='bbox 1510 2043 1610 2100; x_wconf 83' lang='lat' dir='ltr'>(hac</span> <span class='ocrx_word' id='word_1_298' title='bbox 1649 2044 1860 2088; x_wconf 90' lang='lat' dir='ltr'>locutione</span> <span class='ocrx_word' id='word_1_299' title='bbox 1899 2049 2000 2088; x_wconf 89' lang='lat' dir='ltr'>ante</span> <span class='ocrx_word' id='word_1_300' title='bbox 2031 2043 2239 2089; x_wconf 83' lang='lat' dir='ltr'>Senecam</span> <span class='ocrx_word' id='word_1_301' title='bbox 2270 2058 2372 2088; x_wconf 81' lang='lat' dir='ltr'>usus</span> <span class='ocrx_word' id='word_1_302' title='bbox 2403 2049 2470 2089; x_wconf 89' lang='lat' dir='ltr'>est</span> 
     </span>
     <span class='ocr_line' id='line_1_26' title="bbox 323 2123 2471 2182; baseline -0.001 -11"><span class='ocrx_word' id='word_1_303' title='bbox 323 2127 450 2171; x_wconf 88' lang='lat' dir='ltr'>Ovid.</span> <span class='ocrx_word' id='word_1_304' title='bbox 480 2127 598 2170; x_wconf 86' lang='lat' dir='ltr'>Fast.</span> <span class='ocrx_word' id='word_1_305' title='bbox 627 2126 676 2182; x_wconf 95' lang='lat' dir='ltr'>V,</span> <span class='ocrx_word' id='word_1_306' title='bbox 707 2126 794 2168; x_wconf 84' lang='lat'>350</span> <span class='ocrx_word' id='word_1_307' title='bbox 822 2138 908 2167; x_wconf 90' lang='lat' dir='ltr'>non</span> <span class='ocrx_word' id='word_1_308' title='bbox 938 2138 991 2168; x_wconf 86' lang='lat' dir='ltr'>ex</span> <span class='ocrx_word' id='word_1_309' title='bbox 1023 2123 1188 2167; x_wconf 86' lang='lat' dir='ltr'>difficili</span> <span class='ocrx_word' id='word_1_310' title='bbox 1220 2138 1351 2167; x_wconf 87' lang='lat' dir='ltr'>causa</span> <span class='ocrx_word' id='word_1_311' title='bbox 1383 2124 1571 2179; x_wconf 86' lang='lat' dir='ltr'>petenda</span> <span class='ocrx_word' id='word_1_312' title='bbox 1599 2124 1762 2179; x_wconf 76' lang='lat' dir='ltr'>subest,</span> <span class='ocrx_word' id='word_1_313' title='bbox 1793 2125 1863 2180; x_wconf 91' lang='lat' dir='ltr'>„in</span> <span class='ocrx_word' id='word_1_314' title='bbox 1893 2124 2058 2169; x_wconf 89' lang='lat' dir='ltr'>difficili</span> <span class='ocrx_word' id='word_1_315' title='bbox 2088 2125 2177 2169; x_wconf 84' lang='lat' dir='ltr'>est“</span> <span class='ocrx_word' id='word_1_316' title='bbox 2208 2144 2266 2162; x_wconf 89' lang='lat'><strong><em>=</em></strong></span> <span class='ocrx_word' id='word_1_317' title='bbox 2296 2124 2471 2168; x_wconf 87' lang='lat' dir='ltr'>difficile</span> 
     </span>
     <span class='ocr_line' id='line_1_27' title="bbox 325 2203 1060 2262; baseline -0.007 -11"><span class='ocrx_word' id='word_1_318' title='bbox 325 2212 390 2251; x_wconf 85' lang='lat' dir='ltr'>est</span> <span class='ocrx_word' id='word_1_319' title='bbox 421 2206 539 2262; x_wconf 90' lang='lat' dir='ltr'>apud</span> <span class='ocrx_word' id='word_1_320' title='bbox 570 2206 660 2248; x_wconf 85' lang='lat' dir='ltr'>Liv.</span> <span class='ocrx_word' id='word_1_321' title='bbox 693 2205 772 2260; x_wconf 92' lang='lat' dir='ltr'>III,</span> <span class='ocrx_word' id='word_1_322' title='bbox 803 2207 858 2249; x_wconf 89' lang='lat'>65</span> <span class='ocrx_word' id='word_1_323' title='bbox 891 2203 1060 2259; x_wconf 84' lang='lat' dir='ltr'>exstat).</span> 
     </span>
    </p>

    <p class='ocr_par' dir='ltr' id='par_1_11' title="bbox 320 2283 2471 2581">
     <span class='ocr_line' id='line_1_28' title="bbox 441 2283 2469 2341; baseline -0 -12"><span class='ocrx_word' id='word_1_324' title='bbox 441 2301 506 2330; x_wconf 83' lang='lat' dir='ltr'>ex</span> <span class='ocrx_word' id='word_1_325' title='bbox 548 2285 821 2341; x_wconf 86' lang='lat' dir='ltr'>disposito</span> <span class='ocrx_word' id='word_1_326' title='bbox 879 2283 991 2327; x_wconf 86' lang='lat' dir='ltr'>Dial.</span> <span class='ocrx_word' id='word_1_327' title='bbox 1022 2283 1093 2339; x_wconf 88' lang='lat' dir='ltr'>VI,</span> <span class='ocrx_word' id='word_1_328' title='bbox 1135 2284 1203 2338; x_wconf 85' lang='lat'>26,</span> <span class='ocrx_word' id='word_1_329' title='bbox 1246 2287 1270 2323; x_wconf 66' lang='lat'>(3</span> <span class='ocrx_word' id='word_1_330' title='bbox 1328 2290 1369 2326; x_wconf 90' lang='lat' dir='ltr'>et</span> <span class='ocrx_word' id='word_1_331' title='bbox 1406 2296 1503 2326; x_wconf 91' lang='lat' dir='ltr'>cum</span> <span class='ocrx_word' id='word_1_332' title='bbox 1546 2288 1713 2340; x_wconf 87' lang='lat' dir='ltr'>tempus</span> <span class='ocrx_word' id='word_1_333' title='bbox 1756 2283 1999 2341; x_wconf 86' lang='lat' dir='ltr'>advenerit,</span> <span class='ocrx_word' id='word_1_334' title='bbox 2053 2298 2137 2340; x_wconf 91' lang='lat' dir='ltr'>quo</span> <span class='ocrx_word' id='word_1_335' title='bbox 2189 2298 2235 2328; x_wconf 87' lang='lat' dir='ltr'>se</span> <span class='ocrx_word' id='word_1_336' title='bbox 2284 2283 2469 2328; x_wconf 88' lang='lat' dir='ltr'>mundus</span> 
     </span>
     <span class='ocr_line' id='line_1_29' title="bbox 324 2362 2471 2421; baseline -0.001 -11"><span class='ocrx_word' id='word_1_337' title='bbox 324 2371 606 2410; x_wconf 88' lang='lat' dir='ltr'>renovaturus</span> <span class='ocrx_word' id='word_1_338' title='bbox 636 2364 903 2421; x_wconf 82' lang='lat' dir='ltr'>exstinguat,</span> <span class='ocrx_word' id='word_1_339' title='bbox 933 2363 1097 2406; x_wconf 87' lang='lat' dir='ltr'>viribus</span> <span class='ocrx_word' id='word_1_340' title='bbox 1135 2362 1219 2405; x_wconf 85' lang='lat' dir='ltr'>ista</span> <span class='ocrx_word' id='word_1_341' title='bbox 1257 2377 1302 2406; x_wconf 84' lang='lat' dir='ltr'>se</span> <span class='ocrx_word' id='word_1_342' title='bbox 1340 2363 1429 2406; x_wconf 86' lang='lat' dir='ltr'>suis</span> <span class='ocrx_word' id='word_1_343' title='bbox 1459 2363 1638 2406; x_wconf 89' lang='lat' dir='ltr'>caedent</span> <span class='ocrx_word' id='word_1_344' title='bbox 1668 2369 1711 2408; x_wconf 91' lang='lat' dir='ltr'>et</span> <span class='ocrx_word' id='word_1_345' title='bbox 1741 2364 1885 2407; x_wconf 85' lang='lat' dir='ltr'>sidera</span> <span class='ocrx_word' id='word_1_346' title='bbox 1924 2364 2135 2408; x_wconf 84' lang='lat' dir='ltr'>sideribus</span> <span class='ocrx_word' id='word_1_347' title='bbox 2180 2364 2399 2408; x_wconf 86' lang='lat' dir='ltr'>incurrent</span> <span class='ocrx_word' id='word_1_348' title='bbox 2428 2369 2471 2408; x_wconf 90' lang='lat' dir='ltr'>et</span> 
     </span>
     <span class='ocr_line' id='line_1_30' title="bbox 320 2443 2468 2502; baseline -0.002 -12"><span class='ocrx_word' id='word_1_349' title='bbox 320 2447 437 2491; x_wconf 89' lang='lat' dir='ltr'>omni</span> <span class='ocrx_word' id='word_1_350' title='bbox 466 2446 677 2502; x_wconf 84' lang='lat' dir='ltr'>flagrante</span> <span class='ocrx_word' id='word_1_351' title='bbox 708 2444 887 2488; x_wconf 87' lang='lat' dir='ltr'>materia</span> <span class='ocrx_word' id='word_1_352' title='bbox 918 2458 1002 2487; x_wconf 91' lang='lat' dir='ltr'>uno</span> <span class='ocrx_word' id='word_1_353' title='bbox 1028 2443 1129 2500; x_wconf 87' lang='lat' dir='ltr'>igne</span> <span class='ocrx_word' id='word_1_354' title='bbox 1161 2444 1367 2499; x_wconf 87' lang='lat' dir='ltr'>quicquid</span> <span class='ocrx_word' id='word_1_355' title='bbox 1397 2457 1509 2487; x_wconf 90' lang='lat' dir='ltr'>nunc</span> <span class='ocrx_word' id='word_1_356' title='bbox 1531 2457 1585 2487; x_wconf 87' lang='lat' dir='ltr'>ex</span> <span class='ocrx_word' id='word_1_357' title='bbox 1616 2444 1821 2500; x_wconf 83' lang='lat' dir='ltr'>disposito</span> <span class='ocrx_word' id='word_1_358' title='bbox 1853 2444 1979 2501; x_wconf 83' lang='lat' dir='ltr'>lucet,</span> <span class='ocrx_word' id='word_1_359' title='bbox 2011 2444 2190 2501; x_wconf 89' lang='lat' dir='ltr'>ardebit,</span> <span class='ocrx_word' id='word_1_360' title='bbox 2220 2443 2468 2501; x_wconf 84' lang='lat' dir='ltr'>(Foreellini</span> 
     </span>
     <span class='ocr_line' id='line_1_31' title="bbox 326 2523 1668 2581; baseline -0.003 -10"><span class='ocrx_word' id='word_1_361' title='bbox 326 2528 406 2571; x_wconf 90' lang='lat' dir='ltr'>hoc</span> <span class='ocrx_word' id='word_1_362' title='bbox 436 2527 530 2570; x_wconf 91' lang='lat' dir='ltr'>loco</span> <span class='ocrx_word' id='word_1_363' title='bbox 561 2525 861 2581; x_wconf 86' lang='lat' dir='ltr'>praetermisso</span> <span class='ocrx_word' id='word_1_364' title='bbox 892 2525 1029 2568; x_wconf 90' lang='lat' dir='ltr'>solum</span> <span class='ocrx_word' id='word_1_365' title='bbox 1060 2523 1245 2568; x_wconf 76' lang='lat' dir='ltr'>Macrob.</span> <span class='ocrx_word' id='word_1_366' title='bbox 1279 2523 1365 2567; x_wconf 87' lang='lat' dir='ltr'>Sat.</span> <span class='ocrx_word' id='word_1_367' title='bbox 1396 2526 1428 2580; x_wconf 95' lang='lat' dir='ltr'>I,</span> <span class='ocrx_word' id='word_1_368' title='bbox 1462 2525 1484 2566; x_wconf 82' lang='lat'>7</span> <span class='ocrx_word' id='word_1_369' title='bbox 1516 2523 1668 2581; x_wconf 85' lang='lat' dir='ltr'>affert).</span> 
     </span>
    </p>

    <p class='ocr_par' dir='ltr' id='par_1_12' title="bbox 322 2603 2474 2740">
     <span class='ocr_line' id='line_1_32' title="bbox 443 2603 2474 2660; baseline -0.001 -11"><span class='ocrx_word' id='word_1_370' title='bbox 443 2621 505 2650; x_wconf 82' lang='lat' dir='ltr'>ex</span> <span class='ocrx_word' id='word_1_371' title='bbox 544 2605 625 2648; x_wconf 87' lang='lat' dir='ltr'>dis</span> <span class='ocrx_word' id='word_1_372' title='bbox 641 2605 900 2648; x_wconf 84' lang='lat' dir='ltr'>simulato</span> <span class='ocrx_word' id='word_1_373' title='bbox 938 2605 990 2647; x_wconf 90' lang='lat' dir='ltr'>N.</span> <span class='ocrx_word' id='word_1_374' title='bbox 1022 2603 1071 2655; x_wconf 83' lang='lat' dir='ltr'>Q.</span> <span class='ocrx_word' id='word_1_375' title='bbox 1105 2604 1164 2646; x_wconf 88' lang='lat' dir='ltr'>IV</span> <span class='ocrx_word' id='word_1_376' title='bbox 1194 2604 1331 2647; x_wconf 88' lang='lat' dir='ltr'>Praef.</span> <span class='ocrx_word' id='word_1_377' title='bbox 1362 2607 1390 2648; x_wconf 89' lang='grc'>5</span> <span class='ocrx_word' id='word_1_378' title='bbox 1434 2603 1688 2648; x_wconf 83' lang='lat' dir='ltr'>Plancus—</span> <span class='ocrx_word' id='word_1_379' title='bbox 1700 2604 1846 2660; x_wconf 87' lang='lat' dir='ltr'>ajebat</span> <span class='ocrx_word' id='word_1_380' title='bbox 1875 2618 1960 2648; x_wconf 89' lang='lat' dir='ltr'>non</span> <span class='ocrx_word' id='word_1_381' title='bbox 1990 2617 2086 2648; x_wconf 89' lang='lat' dir='ltr'>esse</span> <span class='ocrx_word' id='word_1_382' title='bbox 2115 2604 2281 2648; x_wconf 89' lang='lat' dir='ltr'>occulte</span> <span class='ocrx_word' id='word_1_383' title='bbox 2310 2617 2390 2647; x_wconf 89' lang='lat' dir='ltr'>nec</span> <span class='ocrx_word' id='word_1_384' title='bbox 2420 2617 2474 2647; x_wconf 83' lang='lat' dir='ltr'>ex</span> 
     </span>
     <span class='ocr_line' id='line_1_33' title="bbox 322 2681 2269 2740; baseline -0.002 -11"><span class='ocrx_word' id='word_1_385' title='bbox 322 2686 592 2730; x_wconf 85' lang='lat' dir='ltr'>dissimulato</span> <span class='ocrx_word' id='word_1_386' title='bbox 624 2683 941 2739; x_wconf 89' lang='lat' dir='ltr'>blandiendum,</span> <span class='ocrx_word' id='word_1_387' title='bbox 971 2683 1097 2739; x_wconf 90' lang='lat' dir='ltr'>(haec</span> <span class='ocrx_word' id='word_1_388' title='bbox 1127 2683 1283 2726; x_wconf 87' lang='lat' dir='ltr'>locutio</span> <span class='ocrx_word' id='word_1_389' title='bbox 1313 2683 1431 2739; x_wconf 88' lang='lat' dir='ltr'>apud</span> <span class='ocrx_word' id='word_1_390' title='bbox 1459 2681 1666 2726; x_wconf 90' lang='lat' dir='ltr'>Senecam</span> <span class='ocrx_word' id='word_1_391' title='bbox 1698 2684 1835 2727; x_wconf 88' lang='lat' dir='ltr'>solum</span> <span class='ocrx_word' id='word_1_392' title='bbox 1867 2688 2037 2727; x_wconf 83' lang='lat' dir='ltr'>exstare</span> <span class='ocrx_word' id='word_1_393' title='bbox 2070 2682 2269 2740; x_wconf 87' lang='lat' dir='ltr'>videtur).</span> 
     </span>
    </p>

    <p class='ocr_par' dir='ltr' id='par_1_13' title="bbox 323 2762 2475 2981">
     <span class='ocr_line' id='line_1_34' title="bbox 440 2762 2474 2819; baseline -0.001 -10"><span class='ocrx_word' id='word_1_394' title='bbox 440 2779 502 2810; x_wconf 78' lang='lat' dir='ltr'>ex</span> <span class='ocrx_word' id='word_1_395' title='bbox 543 2764 790 2808; x_wconf 87' lang='lat' dir='ltr'>diverso.</span> <span class='ocrx_word' id='word_1_396' title='bbox 850 2763 964 2806; x_wconf 87' lang='lat' dir='ltr'>Dial.</span> <span class='ocrx_word' id='word_1_397' title='bbox 995 2763 1049 2818; x_wconf 86' lang='lat' dir='ltr'>X,</span> <span class='ocrx_word' id='word_1_398' title='bbox 1081 2764 1119 2819; x_wconf 85' lang='lat'>7,</span> <span class='ocrx_word' id='word_1_399' title='bbox 1167 2764 1221 2806; x_wconf 87' lang='grc'>10</span> <span class='ocrx_word' id='word_1_400' title='bbox 1250 2768 1472 2806; x_wconf 88' lang='lat' dir='ltr'>ventorum</span> <span class='ocrx_word' id='word_1_401' title='bbox 1510 2777 1563 2806; x_wconf 85' lang='lat' dir='ltr'>ex</span> <span class='ocrx_word' id='word_1_402' title='bbox 1593 2763 1762 2808; x_wconf 87' lang='lat' dir='ltr'>diverso</span> <span class='ocrx_word' id='word_1_403' title='bbox 1802 2763 2034 2808; x_wconf 87' lang='lat' dir='ltr'>furentium</span> <span class='ocrx_word' id='word_1_404' title='bbox 2072 2763 2099 2808; x_wconf 93' lang='lat' dir='ltr'>i.</span> <span class='ocrx_word' id='word_1_405' title='bbox 2131 2777 2165 2807; x_wconf 92' lang='lat' dir='ltr'>e.</span> <span class='ocrx_word' id='word_1_406' title='bbox 2196 2776 2250 2806; x_wconf 84' lang='lat' dir='ltr'>ex</span> <span class='ocrx_word' id='word_1_407' title='bbox 2292 2762 2474 2807; x_wconf 82' lang='lat' dir='ltr'>diversis</span> 
     </span>
     <span class='ocr_line' id='line_1_35' title="bbox 323 2842 2474 2903; baseline -0.001 -13"><span class='ocrx_word' id='word_1_408' title='bbox 323 2845 528 2903; x_wconf 83' lang='lat' dir='ltr'>partibus.</span> <span class='ocrx_word' id='word_1_409' title='bbox 588 2843 710 2889; x_wconf 90' lang='lat' dir='ltr'>Idem</span> <span class='ocrx_word' id='word_1_410' title='bbox 741 2842 830 2887; x_wconf 89' lang='lat' dir='ltr'>fere</span> <span class='ocrx_word' id='word_1_411' title='bbox 862 2847 928 2887; x_wconf 88' lang='lat' dir='ltr'>est</span> <span class='ocrx_word' id='word_1_412' title='bbox 961 2846 1090 2897; x_wconf 88' lang='lat' dir='ltr'>atque</span> <span class='ocrx_word' id='word_1_413' title='bbox 1121 2856 1173 2885; x_wconf 81' lang='lat' dir='ltr'>ex</span> <span class='ocrx_word' id='word_1_414' title='bbox 1204 2842 1385 2887; x_wconf 85' lang='lat' dir='ltr'>adverso</span> <span class='ocrx_word' id='word_1_415' title='bbox 1415 2842 1516 2887; x_wconf 90' lang='lat' dir='ltr'>Ben.</span> <span class='ocrx_word' id='word_1_416' title='bbox 1546 2842 1595 2900; x_wconf 93' lang='lat' dir='ltr'>V,</span> <span class='ocrx_word' id='word_1_417' title='bbox 1631 2845 1695 2901; x_wconf 89' lang='lat'>10,</span> <span class='ocrx_word' id='word_1_418' title='bbox 1737 2844 1763 2886; x_wconf 90' lang='lat'>2</span> <span class='ocrx_word' id='word_1_419' title='bbox 1802 2857 1898 2888; x_wconf 93' lang='lat' dir='ltr'>cum</span> <span class='ocrx_word' id='word_1_420' title='bbox 1929 2857 1985 2887; x_wconf 86' lang='lat' dir='ltr'>ex</span> <span class='ocrx_word' id='word_1_421' title='bbox 2016 2843 2185 2888; x_wconf 87' lang='lat' dir='ltr'>diverso</span> <span class='ocrx_word' id='word_1_422' title='bbox 2225 2842 2313 2887; x_wconf 89' lang='lat' dir='ltr'>ista</span> <span class='ocrx_word' id='word_1_423' title='bbox 2340 2843 2474 2888; x_wconf 85' lang='lat' dir='ltr'>verba</span> 
     </span>
     <span class='ocr_line' id='line_1_36' title="bbox 323 2922 2475 2981; baseline -0.001 -11"><span class='ocrx_word' id='word_1_424' title='bbox 323 2926 445 2981; x_wconf 72' lang='lat' dir='ltr'>(dare</span> <span class='ocrx_word' id='word_1_425' title='bbox 476 2930 518 2968; x_wconf 92' lang='lat' dir='ltr'>et</span> <span class='ocrx_word' id='word_1_426' title='bbox 548 2924 760 2980; x_wconf 88' lang='lat' dir='ltr'>accipere)</span> <span class='ocrx_word' id='word_1_427' title='bbox 791 2924 930 2980; x_wconf 87' lang='lat' dir='ltr'>posita</span> <span class='ocrx_word' id='word_1_428' title='bbox 962 2923 1058 2979; x_wconf 88' lang='lat' dir='ltr'>sint,</span> <span class='ocrx_word' id='word_1_429' title='bbox 1100 2923 1192 2979; x_wconf 84' lang='lat' dir='ltr'>(cfr.</span> <span class='ocrx_word' id='word_1_430' title='bbox 1221 2922 1374 2966; x_wconf 88' lang='lat' dir='ltr'>Justin.</span> <span class='ocrx_word' id='word_1_431' title='bbox 1405 2923 1473 2979; x_wconf 76' lang='lat'>30,</span> <span class='ocrx_word' id='word_1_432' title='bbox 1503 2925 1559 2979; x_wconf 84' lang='lat'>4).</span> <span class='ocrx_word' id='word_1_433' title='bbox 1621 2923 1819 2979; x_wconf 90' lang='lat' dir='ltr'>Denique</span> <span class='ocrx_word' id='word_1_434' title='bbox 1849 2923 2031 2967; x_wconf 87' lang='lat' dir='ltr'>eandem</span> <span class='ocrx_word' id='word_1_435' title='bbox 2062 2923 2150 2967; x_wconf 89' lang='lat' dir='ltr'>vim</span> <span class='ocrx_word' id='word_1_436' title='bbox 2188 2922 2316 2967; x_wconf 89' lang='lat' dir='ltr'>habet</span> <span class='ocrx_word' id='word_1_437' title='bbox 2345 2928 2475 2979; x_wconf 75' lang='lat' dir='ltr'>atque</span> 
     </span>
    </p>
   </div>
  </div>
 </body>
</html>
