2767 3489
1357 125 1408 165 w

300 253 439 304 :atque
469 249 540 304 „in
573 248 858 292 universum.“
918 248 1003 292 cfr.
1035 248 1142 292 Plin.
1174 250 1297 305 XIII,
1335 250 1376 303 4,
1408 250 1431 293 7
1465 248 1591 300 Quod
1625 249 1667 291 in
1707 250 1879 305 plenum
1921 249 2027 292 satis
2059 250 2116 293 sit
2158 249 2321 294 dixisse
2365 249 2446 292 hoc

308 329 351 371 in
383 329 499 382 10003
529 328 586 372 id.
617 328 734 383 XVI,
764 329 835 384 40,
868 319 931 371 79.
993 312 1140 385 Pomp.
1177 329 1275 385 mg.
1306 328 1470 385 XL,-7‚
1505 329 1592 384 11.)

425 408 476 451 in
506 421 776 465 praeceps
806 408 918 452 Dial.
950 409 1027 464 111,
1060 411 1098 465 7,
1128 411 1158 453 4
1188 409 1247 453 Ut
1285 409 1330 452 in
1361 421 1573 465 praeceps
1603 408 1718 451 datis
1750 409 2002 466 corporibus
2037 409 2200 453 nullum
2232 410 2296 453 sui
2331 410 2445 453 arbi-

310 489 438 531 trium
469 493 557 541 est,
589 487 690 544 (hac
720 489 936 532 locutione
965 490 1096 532 etiam
1127 489 1204 532 alii
1235 493 1424 542 utuntur,
1459 493 1504 532 ut
1534 489 1641 544 Liv.,
1664 489 1830 542 Vellei„
1861 489 1993 545 Plin.)

424 581 488 611 ex
520 573 845 624 praeparato
875 570 952 625 Ep.
989 571 1052 624 11,
1103 572 1123 613 1
1171 581 1256 612 non
1296 568 1411 611 enim
1451 583 1505 611 ex
1549 573 1809 624 praeparato
1855 570 2022 612 loeutus
2066 575 2145 625 est,
2185 569 2265 612 sed
2302 569 2446 612 subito

308 647 633 705 deprehensus;
664 648 883 706 (similiter
904 649 998 705 jam
1022 650 1173 693 Livius
1204 649 1371 693 locutus
1401 654 1466 693 est
1489 649 1542 698 X,
1573 649 1651 693 4l:
1681 648 1749 692 Ad
1780 653 1928 692 nutum
1952 650 2095 693 omnia
2116 650 2234 693 velut
2255 663 2310 693 ex
2341 654 2442 692 ante

306 733 571 785 praeparato
600 728 741 787 fiunt.)

425 822 452 851 a
481 809 662 866 primo
695 810 745 852 N.
778 809 828 862 Q.
862 811 939 866 III,
961 811 1030 867 30,
1054 812 1076 854 1
1110 815 1211 854 sunt
1241 810 1397 865 omnia,
1431 815 1476 852 ut
1505 809 1611 865 dixi,
1642 810 1791 853 facilia
1822 815 2015 866 naturae,
2049 816 2095 854 ut
2119 824 2231 866 quae
2252 824 2281 853 a
2301 812 2440 867 primo

312 889 456 933 facere
486 890 709 934 constituit
740 910 790 927 =
825 905 853 934 a
882 891 1117 948 principio;
1148 889 1475 947 (praeeuntibus
1507 890 1662 933 Plauto
1694 894 1737 932 et
1768 890 1973 937 Terentio
2004 891 2135 934 etiam
2166 890 2318 934 Cicero
2362 892 2442 933 hae

317 970 531 1012 locutione
562 970 738 1025 saepius
766 983 869 1013 usus
900 973 999 1026 est.)

429 1050 502 1104 (in
534 1050 717 1105 primo.
778 1051 898 1092 Haec
936 1051 1095 1092 locutio
1128 1050 1180 1093 N.
1215 1049 1265 1100 Q.
1301 1050 1348 1102 V,
1394 1052 1446 1093 14
1481 1050 1573 1092 init.
1621 1054 1775 1104 exstat,
1818 1049 1896 1093 sed
1941 1049 2129 1093 Fickert.
2171 1055 2215 1093 et
2256 1050 2444 1094 Haasius

309 1129 571 1174 auctoritate
617 1130 823 1173 bonorum
864 1129 1072 1184 codicum,
1113 1130 1156 1172 in
1189 1130 1346 1184 quibus
1377 1130 1429 1171 in
1466 1129 1689 1183 omittitur,
1728 1129 1819 1172 nixi
1854 1129 1897 1172 in
1936 1129 2032 1184 ejus
2074 1130 2211 1173 locum
2254 1130 2447 1186 „primo“

313 1208 659 1265 substituerunt.)

430 1288 479 1331 in
511 1289 738 1345 privato
772 1289 883 1332 Dial.
916 1289 991 1344 IX,
1023 1290 1062 1344 3,
1095 1289 1121 1332 2
1151 1288 1229 1333 sed
1273 1290 1412 1343 habet,
1457 1289 1527 1333 ubi
1559 1301 1607 1332 se
1649 1289 1779 1333 etiam
1824 1289 1864 1332 in
1909 1289 2078 1346 privato
2116 1290 2214 1334 laxe
2259 1290 2449 1347 explicet

316 1383 499 1425 magnus
528 1370 708 1415 animus.
772 1369 857 1414 Gfr.
880 1372 906 1424 ἕ
930 1370 957 1414 3
987 1370 1032 1414 in
1060 1370 1231 1427 privato
1262 1369 1478 1427 publicum
1510 1368 1730 1425 negotium
1753 1369 1857 1427 agit.
1920 1371 2032 1415 Ante
2054 1369 2264 1415 Senecam
2287 1370 2450 1429 Livius,

314 1449 432 1506 apud
463 1464 588 1506 quem
620 1452 751 1494 etiam
781 1452 853 1506 „in
876 1451 1119 1508 privatum“
1151 1457 1195 1494 et
1224 1452 1523 1507 „excprivatffl
1554 1450 1843 1505 inveniuntur,
1877 1450 1957 1494 hac
1988 1451 2204 1496 locutione
2235 1465 2339 1496 usus
2369 1456 2448 1496 est.

432 1544 493 1573 ex
524 1532 824 1587 proposito
855 1532 934 1588 Ep.
965 1533 1033 1588 66,
1064 1532 1120 1575 36
1149 1536 1338 1575 ceterum
1380 1532 1491 1575 bona
1533 1531 1746 1586 quaedem
1786 1532 1926 1588 prima
1964 1532 2197 1587 existimat,
2239 1532 2295 1575 ad
2339 1546 2451 1587 quae

318 1624 371 1653 ex
403 1612 623 1667 proposito
656 1612 784 1654 venit.
829 1612 1050 1668 (Dubitari
1082 1616 1225 1668 potest
1265 1625 1318 1654 an
1362 1611 1491 1666 hujus
1528 1610 1756 1654 locutionis
1796 1611 1948 1654 eadem
1991 1611 2181 1654 conditio
2223 1613 2280 1654 sit
2321 1617 2452 1666 atque

316 1691 424 1746 ejus,
456 1690 580 1746 cujus
610 1705 743 1749 supra
773 1693 1032 1736 mentionem
1062 1692 1145 1735 feci
1178 1705 1257 1747 „ex
1290 1691 1549 1747 commodo“,
1583 1696 1629 1734 ut
1659 1696 1900 1735 statuamus
1932 1693 2206 1748 ‚,proposito“
2238 1706 2335 1736 esse
2366 1706 2444 1749 pro

310 1772 507 1815 ablativo
544 1772 802 1815 substantivi
846 1773 1166 1829 „propositum“
1207 1772 1462 1816 habendum.
1521 1772 1654 1815 Certe
1696 1771 1812 1827 quod
1853 1772 1967 1815 Dial.
2002 1772 2120 1828 VIII,
2152 1774 2191 1829 3,
2228 1774 2254 1816 3
2296 1777 2452 1828 exstat,

319 1852 382 1895 sic
413 1852 750 1908 intellegendum
781 1853 880 1910 est.)

434 1947 498 1975 ex
529 1933 789 1996 professo
812 1933 890 1989 Ep.
920 1933 983 1987 14,
1006 1935 1032 1976 8
1054 1946 1156 1989 pars
1187 1932 1301 1975 enim
1324 1932 1569 1976 securitatis
1599 1938 1644 1976 et
1674 1932 1718 1975 in
1750 1933 1828 1975 hoc
1859 1938 1926 1976 est
1948 1946 2031 1976 non
2064 1946 2118 1976 ex
2141 1934 2336 1989 professo
2358 1946 2455 1976 eam

320 2026 405 2055 non
436 2018 597 2069 petere,
628 2013 742 2068 quia,
774 2026 885 2068 quae
917 2012 1014 2068 quis
1043 2012 1167 2069 tugit,
1197 2012 1385 2067 damnat,
1418 2012 1554 2068 (recte
1586 2012 1642 2054 ab
1673 2012 1835 2055 Haasio
1869 2017 1969 2056 ante
2001 2015 2203 2069 „petere“
2249 2014 2454 2056 insertum

317 2098 387 2136 est
418 2094 568 2150 „non“,
609 2094 724 2149 quod
764 2094 807 2136 in
840 2094 939 2137 Mss.
983 2092 1289 2150 desideratur.)
1321 2093 1395 2149 Ep.
1427 2093 1495 2148 49,
1527 2095 1555 2136 Ξ)
1586 2092 1651 2136 illi
1681 2092 1845 2149 (lyrici)
1876 2106 1930 2136 ex
1970 2094 2165 2150 professo
2210 2094 2452 2149 lasciviunt,

319 2174 365 2216 hi
405 2173 659 2231 (dialectici)
689 2188 819 2230 agere
863 2175 981 2230 ipsos
1021 2173 1187 2229 aliquid
1227 2173 1497 2226 existimant,
1538 2173 1730 2230 (praeter
1761 2175 1971 2217 Senecam
2004 2173 2149 2225 Quint.
2182 2179 2225 2217 et
2257 2174 2443 2217 Macrob.

321 2254 401 2297 hac
432 2255 647 2317 locuti-one
679 2267 780 2297 usos
810 2267 906 2297 esse
938 2254 1164 2297 Forcellin.
1196 2255 1413 2309 testatur.)

438 2335 491 2378 in
524 2336 805 2390 publicum
835 2335 947 2377 Dial.
972 2335 1020 2390 V,
1050 2336 1120 2386 20,
1151 2336 1179 2378 ἴ)
1210 2335 1253 2377 in
1285 2335 1501 2390 publicum
1534 2335 1755 2388 humanus,
1791 2335 1867 2390 Ep.
1900 2335 1970 2390 94,
1990 2335 2048 2376 46
2071 2334 2125 2376 M.
2150 2335 2358 2389 Agrippa,
2392 2334 2457 2375 vir

323 2415 512 2470 ingentis
542 2415 687 2469 animi,
719 2417 792 2469 qui
822 2416 939 2458 solus
969 2428 1024 2457 ex
1054 2415 1120 2470 iis,
1152 2428 1260 2469 quos
1291 2414 1437 2456 civilia
1468 2414 1583 2456 bella
1613 2414 1753 2456 claros
1784 2418 2070 2470 potentesque
2108 2413 2316 2469 fecerunt,
2348 2412 2454 2455 felix

323 2495 366 2537 in
397 2495 614 2551 publicum
647 2496 747 2552 fuit3
778 2495 997 2552 (similiter
1020 2495 1113 2551 jam
1135 2495 1287 2538 Cicero
1320 2495 1428 2537 hanc
1458 2494 1717 2548 locutionem
1749 2493 1986 2549 usurpavit,
2018 2492 2134 2549 apud
2169 2505 2297 2547 quem
2328 2492 2460 2536 etiam

313 2575 396 2630 .„in
425 2575 625 2631 publico“
657 2575 905 2631 invenitur.)

440 2657 490 2698 in
522 2660 731 2698 rectum
760 2656 863 2698 Ben.
890 2657 964 2713 Vl,
992 2657 1060 2711 24,
1096 2658 1115 2697 1
1152 2656 1207 2698 Et
1236 2668 1290 2697 ne
1321 2654 1513 2697 membra
1542 2653 1808 2709 (infantium)
1840 2653 2018 2696 libertas
2058 2653 2290 2696 immatura
2320 2653 2461 2696 detor·

326 2739 469 2790 queat,
500 2735 545 2778 in
577 2739 738 2778 rectum
768 2735 883 2777 itura
911 2734 1221 2790 constringunt.
1273 2735 1351 2791 Ep.
1381 2735 1449 2788 50,
1481 2734 1508 2776 6
1538 2732 1627 2776 Sed
1657 2745 1736 2775 nec
1766 2732 1970 2775 indurata
1999 2732 2211 2789 despero3
2243 2733 2353 2776 nihil
2384 2738 2464 2787 est,

313 2814 440 2871 >quod
470 2828 556 2858 non
587 2819 807 2872 expugnet
842 2814 1043 2871 pertinax
1083 2827 1217 2871 opera
1246 2818 1290 2857 et
1320 2813 1488 2857 intenta
1517 2826 1568 2856 ac
1611 2812 1800 2867 diligens
1841 2825 1967 2855 cura:
2010 2813 2167 2856 robora
2210 2813 2255 2856 in
2296 2817 2460 2857 rectum

326 2895 527 2951 quamvis
556 2894 671 2941 flexa
700 2895 950 2950 revocabis,
977 2894 1195 2952 (similiter
1219 2893 1314 2948 jam
1345 2892 1527 2937 Ovidius
1551 2893 1720 2936 locutus
1752 2894 1852 2949 est.)

2265 2975 2308 3009 3.
