2767 3489
1370 68 1421 110 18

435 192 489 234 in
522 191 744 247 integro
774 205 900 235 esse
934 192 1044 235 Dial.
1081 192 1195 248 VIII,
1242 193 1281 247 3,
1328 193 1357 234 4
1409 194 1561 237 Potest
1604 206 1709 248 ergo
1739 197 1783 236 et
1811 192 1897 248 ille,
1945 192 2015 236 cui
2063 194 2210 236 omnia
2251 192 2394 236 adhuc
2425 192 2475 235 in

322 273 493 327 integro
525 277 625 314 sunt
655 297 712 303 —
743 272 786 314 in
819 276 912 314 tuto
943 272 1194 327 subsistere,
1225 272 1290 329 (ut
1314 271 1409 328 jam
1441 274 1593 317 Cicero
1624 272 1769 328 dixit.)

436 365 501 395 ex
533 351 827 408 inopinato
859 351 973 394 Dial.
1007 351 1080 407 VI,
1112 352 1152 407 9,
1196 353 1223 395 2
1255 364 1433 396 necesse
1474 357 1540 397 est
1571 354 1717 408 itaque
1756 352 1896 409 magis
1926 365 2188 409 corruamus,
2230 352 2303 408 qui
2334 352 2459 407 quasi

318 445 375 475 ex
407 432 632 488 inopinato
662 431 852 475 ferimur.
886 431 939 474 D.
973 431 1045 487 VI,
1076 432 1145 489 22,
1176 433 1215 476 8.
1250 432 1327 488 Ep.
1361 433 1430 488 88,
1462 433 1539 488 223
1568 432 1668 489 (hac
1698 432 1912 476 locutione
1937 431 2030 488 jam
2063 431 2217 475 Cicero
2248 444 2352 476 usus
2382 435 2461 485 est,

320 516 421 568 post
450 510 660 554 Senecam
690 510 959 567 Suetonius.)

436 591 500 634 ad
531 590 794 646 liquidum
830 591 906 648 Ep.
929 592 997 648 71,
1026 591 1083 635 32
1116 591 1337 647 redigetur
1366 593 1424 636 ad
1456 593 1679 649 liquidum,
1710 593 1795 650 (ap.
1822 592 1915 638 Liv.
1939 592 1996 636 ad
2027 592 2051 635 l.
2074 593 2315 649 explorata,
2346 591 2463 649 apud

320 671 475 728 Vellej.
505 670 653 723 Quint.
686 671 803 715 Curt.
835 671 893 715 ad
924 671 1135 728 liquidum
1168 672 1406 730 perducere
1438 673 1612 730 exstat.)

436 766 500 796 ex
530 753 844 809 longinquo
876 752 991 797 Dial.
1025 753 1102 808 IX,
1133 754 1174 810 4,
1206 754 1229 796 7
1264 753 1320 796 Ut
1352 754 1576 810 salutaria,
1606 766 1718 809 quae
1749 753 1860 798 citra
1879 757 2052 810 gustum
2069 756 2318 808 tactumque
2332 751 2466 796 odore

318 833 563 890 proficiunt,
596 833 658 876 ita
687 834 826 877 virtus
857 833 1089 877 utilitatem
1121 834 1253 876 etiam
1283 846 1339 877 ex
1371 834 1606 890 longinquo
1637 838 1680 878 et
1710 835 1852 879 latens
1876 833 2028 878 tundit.
2089 833 2167 890 Ep.
2187 833 2255 888 22,
2287 833 2314 875 2
2345 830 2461 884 Quid

318 913 413 956 fieri
457 913 607 967 soleat,
654 912 758 967 quid
789 917 999 969 oporteat,
1033 912 1077 955 in
1111 913 1355 956 universum
1387 919 1430 957 et
1460 913 1657 957 mandari
1687 917 1831 970 potest
1862 918 1906 957 et
1934 913 2085 957 scribi:
2117 913 2205 956 tale
2235 911 2462 957 consilium

317 1007 404 1036 non
435 997 603 1035 tantum
633 993 899 1048 absentibus,
930 992 1008 1035 sed
1040 993 1172 1036 etiam
1204 992 1391 1050 posteris
1422 993 1562 1037 datur.
1595 992 1703 1036 illud
1733 993 1930 1051 alterum,
1974 992 2148 1049 quando
2178 992 2272 1036 fieri
2304 992 2462 1036 debeat

316 1079 394 1116 aut
423 1073 799 1127 quemadmodum,
841 1086 896 1115 ex
940 1073 1177 1128 longinquo
1221 1086 1344 1115 nemo
1383 1073 1604 1129 suadebit,
1633 1073 1761 1129 (haec
1799 1073 1958 1115 locutio
1998 1073 2128 1115 etiam
2169 1072 2287 1129 apud
2317 1072 2463 1117 Tacit.

320 1155 369 1196 A.
401 1154 434 1208 Ι,
465 1155 521 1196 47
556 1159 600 1196 et
629 1154 748 1209 apud
781 1153 890 1196 Plin.
925 1153 1026 1208 maj.
1060 1154 1237 1209 saepius
1269 1154 1521 1210 invenitur.)

436 1227 487 1276 in
518 1234 876 1289 longinquum
908 1233 1021 1275 Dial.
1044 1234 1122 1287 IX,
1149 1233 1215 1286 10,
1237 1234 1265 1277 5
1294 1232 1394 1276 Non
1425 1238 1526 1276 sunt
1555 1239 1783 1290 praeterea
1812 1233 2073 1290 cupiditates
2106 1233 2150 1274 in
2180 1233 2462 1289 longinquum

317 1313 567 1357 mittendae.

435 1395 490 1437 in
522 1396 738 1438 lubrico
768 1396 848 1452 Ep.
884 1398 950 1449 75,
986 1397 1040 1437 10
1070 1403 1113 1438 et
1150 1396 1293 1439 adhuc
1325 1396 1369 1437 in
1402 1396 1565 1439 lubrico
1605 1399 1742 1449 stare,
1780 1399 1868 1451 (ap.
1902 1394 1988 1438 Cic.
2020 1394 2064 1437 in
2094 1394 2259 1437 lubrico
2290 1394 2455 1437 versari

320 1476 496 1532 exstat.)

435 1569 497 1600 cx
529 1556 749 1611 obliquo
779 1556 882 1600 Ben.
914 1556 988 1613 lV,
1019 1559 1058 1611 9,
1096 1559 1114 1599 1
1149 1555 1237 1600 Sed
1292 1568 1347 1599 ne
1390 1555 1520 1599 aliam
1570 1554 1907 1612 disputationem
1955 1567 2011 1599 ex
2057 1554 2233 1610 obliquo
2278 1553 2469 1598 habeam·

318 1636 345 1680 i.
368 1650 405 1680 e.
430 1649 483 1679 ne
506 1636 562 1679 ad
595 1636 933 1693 disputationem
966 1650 994 1680 a
1023 1637 1247 1694 proposito
1278 1636 1468 1680 alienam
1498 1635 1738 1679 deflectam.
1789 1636 1920 1691 (Plin.
1952 1636 2008 1691 II,
2029 1636 2098 1691 31,
2120 1636 2172 1680 31
2208 1648 2294 1679 non
2324 1640 2460 1678 trans-

316 1717 418 1773 late,
452 1717 530 1760 sed
570 1717 745 1774 proprie
784 1717 896 1760 hanc
936 1717 1196 1760 locutionem
1240 1716 1488 1772 usurpavit,
1532 1715 1647 1771 quod
1693 1715 1808 1759 idem
1852 1716 1894 1759 in
1931 1715 2196 1760 Ovidianum
2233 1715 2342 1759 illud
2379 1715 2472 1771 „ab

316 1796 519 1852 obliquo“
557 1797 686 1841 cadit.
749 1796 943 1840 Similem
992 1797 1079 1840 vim
1111 1796 1243 1840 habet
1283 1810 1389 1853 „per
1432 1796 1690 1851 obliquum“,
1732 1795 1849 1851 quod
1891 1796 2009 1853 apud
2040 1796 2192 1840 Horat.
2223 1800 2378 1850 exstat,
2421 1802 2464 1839 et

316 1877 388 1932 „in
421 1877 684 1933 obliquum“,
712 1891 796 1932 quo
828 1877 939 1934 Liv„
970 1876 1155 1921 Ovidius
1187 1881 1231 1920 et
1263 1877 1372 1920 Plin.
1404 1876 1506 1932 maj.
1538 1878 1747 1931 utuntur.)

433 1957 485 2000 in
534 1958 769 2001 obscuro
802 1957 916 2003 Dial.
951 1957 1050 2013 XII,
1087 1958 1152 2013 19,
1200 1957 1228 2001 5
1278 1956 1314 2001 Ο
1346 1970 1477 2013 quam
1529 1956 1758 2000 multarum
1800 1957 1981 2013 egregia
2018 1969 2153 2013 opera
2194 1956 2237 1999 in
2276 1955 2467 2000 obscuro-

308 2039 473 2095 jacent,
506 2052 604 2096 per
634 2039 919 2083 obscurum
952 2039 1030 2096 Ep.
1067 2039 1132 2095 19,
1164 2040 1192 2082 3
1223 2042 1380 2083 exstat.

431 2133 494 2162 ex
526 2120 750 2162 occulto
782 2118 894 2162 Dial.
913 2119 987 2174 IV,
1022 2120 1087 2176 10,
1119 2119 1157 2162 8.
1220 2119 1269 2174 V,
1305 2120 1340 2175 1,
1377 2121 1398 2162 1
1432 2118 1485 2161 Id
1515 2117 1748 2173 aliquando
1779 2118 1925 2174 palam
1954 2123 2192 2175 aperteque
2210 2118 2457 2163 faciendum

313 2206 380 2245 est
399 2199 710 2255 ——--aliquando
732 2212 787 2242 ex
810 2200 993 2255 occulto,
1028 2199 1329 2257 (praeiverunt
1353 2198 1528 2243 Terent.
1559 2204 1602 2243 et
1619 2198 1782 2255 Cicero,
1823 2198 1897 2255 qui
1929 2198 2012 2256 ipsi
2043 2212 2215 2255 quoque
2234 2198 2315 2243 hac
2345 2199 2468 2244 locu--

315 2282 434 2324 tione
470 2280 535 2323 usi
566 2285 679 2323 sunt.
750 2280 828 2335 „In
861 2279 1059 2323 occulto“
1101 2280 1219 2336 apud
1251 2280 1407 2335 Plaut.,
1452 2279 1554 2335 cic„
1586 2279 1694 2334 Liv.,
1726 2279 1880 2335 Tacit„
1926 2292 2031 2336 „per
2071 2279 2312 2323 occultum“
2342 2279 2459 2336 apud

320 2361 461 2404 Tacit.
496 2361 671 2416 exstat.)

429 2441 482 2484 in
525 2441 730 2497 optimo
776 2454 873 2485 esse
906 2440 983 2496 Ep.
1017 2441 1086 2495 95,
1125 2441 1180 2485 57
1215 2440 1389 2483 habitus
1430 2439 1563 2483 animi
1603 2453 1687 2484 non
1717 2440 1800 2484 erit
1832 2440 1876 2483 in
1907 2441 2070 2497 optimo
2101 2441 2128 2484 i.
2152 2454 2189 2485 e.
2221 2440 2381 2497 optime
2412 2453 2459 2484 se

313 2521 503 2566 habebit.

425 2614 490 2645 ex
521 2601 643 2658 pari
673 2602 753 2658 Ep.
785 2602 855 2656 59,
892 2601 946 2644 14
978 2613 1075 2644 cum
1108 2599 1178 2643 dis
1210 2613 1264 2643 ex
1294 2600 1391 2657 pari
1422 2599 1532 2643 vivit
1562 2600 1791 2657 (sapiens.)
1851 2600 1956 2657 (Gfr.
1988 2613 2053 2656 ea,
2099 2613 2212 2656 quae
2243 2613 2376 2657 snpra
2404 2600 2472 2645 de·

309 2694 391 2741 „ex
422 2682 590 2736 aequo“
635 2681 833 2725 disserui.
903 2679 1117 2724 Similiter
1148 2678 1294 2731 Quint.
1326 2679 1449 2723 Decl.
1481 2679 1566 2723 379
1604 2680 1793 2724 locutum
1834 2693 1930 2725 esse
1971 2680 2201 2724 Forccllin.
2243 2681 2471 2736 testatur.)

423 2762 474 2805 in
503 2774 823 2819 perversum
856 2760 970 2805 Dial.
1010 2759 1104 2817 VH,
1134 2761 1175 2818 5,
1207 2760 1235 2803 2
1265 2760 1310 2804 in
1341 2772 1595 2818 perversum
1624 2760 1790 2818 sollers,
1821 2760 1895 2818 (de
1926 2760 1965 2804 h.
1998 2761 2026 2805 l.
2059 2759 2146 2805 vid.
2179 2774 2218 2822 ρτ
2253 2761 2339 2817 13.)

424 2842 476 2886 in
507 2842 724 2900 plenum
753 2841 832 2900 Ep.
864 2840 934 2899 91,
967 2841 993 2885 8
1026 2841 1070 2885 in
1110 2841 1286 2899 plenum
1328 2839 1565 2898 cogitanda
1601 2839 1774 2887 fortuna
1804 2846 1884 2899 est,
1920 2840 2055 2899 (idem
2102 2840 2193 2886 fere
2235 2839 2453 2897 significat
