2767 3489
1361 136 1416 186 m

303 261 470 323 dissi*
514 261 743 321 „heom
792 262 839 313 in
883 262 981 315 loce
1021 261 1211 317 disc&
1251 261 1376 318 nnus
1408 261 1552 321 Verg..
1589 260 1733 316 ono,
1775 261 1891 307 di·-
1926 261 2233 320 mahth-
2258 260 2465 316 nuqua.

305 342 475 392 locum“
523 341 733 399 dicitur),
763 344 1073 399 penetrare
1112 341 1220 391 Beu-
1256 340 1349 396 VH,
1379 341 1421 395 3,
1450 342 1483 386 3
1530 340 1690 396 animo,
1732 352 1818 395 qun
1866 342 2003 385 etin
2051 345 2218 385 renos·
2265 345 2311 384 et
2355 340 2454 383 ssli-

306 419 533 478 tadinibus
562 420 798 476 interclusa
825 424 1126 477 penetrantur,
1157 419 1378 477 (similiter
1407 418 1602 475 Vergilio
1638 423 1825 465 amore·
1845 419 2031 464 Sueten
2053 424 2106 471 et
2128 420 2319 469 'Derim
2338 419 2380 463 h.
2413 431 2455 461 v.

305 503 592 557 usurparunt,
647 513 745 555 cum
793 498 963 556 priores
1010 504 1270 556 „penetrare
1316 498 1362 547 in
1413 498 1581 547 locum“
1624 498 1858 556 dixerint),
1902 499 2142 544 emadan
2187 499 2265 557 Βρ-
2309 499 2379 556 22,
2424 500 2454 542 9

299 579 456 629 Facile
486 583 553 623 est
583 583 743 635 autem,
776 579 835 621 mi
868 578 1023 635 Lucili,
1063 579 1373 637 occupationes
1401 578 1604 635 evadere,
1634 578 1964 637 (prmo-atibus
1992 579 2194 637 Vergilio.
2217 583 2264 625 et
2292 578 2450 628 Osidic

304 660 438 705 etiam
471 660 548 702 alii
577 664 745 715 argent.
769 664 855 704 aet.
886 660 1134 716 scriptores,
1165 664 1214 702 ut
1244 659 1439 714 Tacitus,
1469 659 1552 703 hoc
1580 659 1767 703 verbm
1791 670 1827 702 ο.
1857 670 1946 705 aoe.
1965 658 2248 717 junxerunt),
2262 671 2452 703 etesiu-

304 737 441 782 dere
471 738 588 784 Dial.
610 738 684 794 VI,
718 740 784 793 16,
815 739 844 782 2
873 738 1099 796 pulvinum
1130 738 1464 787 escendentibus
1495 738 1690 795 (praeter
1705 737 1917 783 Senecam
1937 737 2042 782 Sall.
2064 743 2110 782 et
2129 739 2271 783 Tanit.
2299 752 2334 782 o.
2362 750 2455 781 acc..

305 817 656 877 coniunxerunt),
676 833 705 877 p
719 818 1023 864 raevadere
1054 818 1170 863 Dial.
1187 819 1242 873 X,
1266 818 1329 874 17,
1347 819 1376 863 6
1398 818 1602 870 Quintius
1630 817 1892 872 dictaturam
1919 824 2128 875 properat
2158 819 2449 876 praevendere:

302 897 362 942 ab
392 902 540 943 aratro
571 882 858 949 revocabitur.
921 897 1130 956 (Verbum
1161 898 1475 956 praevadendi,
1506 898 1623 954 quod
1651 898 1698 942 in
1725 898 1880 942 lexicis
1909 911 1938 942 a
1966 898 2150 942 Fercell.
2180 903 2225 943 et
2252 899 2448 943 Gesnero

300 977 435 1022 editis
475 983 707 1036 propterea
751 977 1049 1034 desideratur,
1095 977 1214 1034 quod
1250 978 1294 1022 in
1331 978 1424 1024 suis
1453 978 1650 1022 Senecae
1688 978 2012 1035 exemplaribus
2052 991 2131 1035 prs
2172 991 2229 1023 eo
2261 979 2453 1025 evadere

302 1058 374 1103 vel
404 1058 648 1116 pervadere
680 1058 951 1115 invenerunt,
982 1058 1241 1117 optimorum
1272 1058 1470 1106 codicum
1500 1058 1757 1105 auctoritate
1786 1058 1879 1103 nixi
1899 1058 2088 1102 Fickert.
2120 1063 2166 1102 et
2185 1059 2373 1103 Haasius
2405 1060 2451 1101 in

303 1138 501 1183 ordinem
532 1139 763 1185 verborum
803 1143 1076 1197 receperunt.
1137 1138 1306 1185 Seneca
1335 1139 1395 1189 ad
1433 1139 1678 1195 analogiam
1712 1139 1941 1183 verborum
1971 1140 2294 1196 praecurrendi,
2324 1153 2449 1196 prae-

303 1218 480 1275 fluendi,
502 1219 801 1276 praelabendi,
831 1219 1129 1277 praevehendi
1158 1220 1290 1264 etiam
1304 1220 1485 1264 verbum
1515 1219 1811 1276 praevadendi
1836 1233 1871 1262 c.
1894 1233 1984 1263 acc.
2011 1220 2214 1275 junxisse
2229 1219 2455 1276 putandus-

307 1299 407 1355 est.)
457 1299 605 1343 Verba
634 1299 878 1343 canendi
908 1304 952 1343 et
982 1299 1250 1355 loquendi
1281 1299 1517 1344 secundum
1549 1304 1703 1357 poetas
1719 1301 1969 1356 Augusteae
1995 1299 2154 1343 aetatis
2185 1312 2281 1343 cum
2309 1311 2459 1343 accus..

302 1378 530 1434 conjunxit
561 1380 640 1435 Ep.
673 1380 741 1434 79,
767 1380 822 1422 15
852 1393 949 1422 cum
981 1379 1219 1421 amicitiam
1250 1392 1373 1429 suam
1407 1384 1451 1422 et
1481 1379 1716 1423 Metrodori
1745 1384 1874 1434 grata
1904 1379 2311 1422 commemoratione
2341 1378 2450 1422 ceci-

298 1457 448 1512 nisset,
483 1458 549 1502 De
581 1458 714 1502 Clem.
747 1459 781 1513 Ι,
816 1461 852 1513 1,
884 1460 910 1501 6
956 1472 1082 1501 nemo
1117 1458 1211 1513 jam
1256 1458 1406 1501 divum
1446 1461 1688 1514 Augustum
1731 1471 1812 1501 nec
1854 1458 2022 1517 Tiberii
2051 1457 2255 1502 Caesaris
2302 1457 2443 1514 prima

298 1542 496 1594 tempora
539 1538 731 1592 loquitur
765 1557 821 1574 =
859 1538 1099 1595 praedicat,
1146 1538 1222 1582 cfr.
1255 1539 1356 1582 Ben.
1394 1539 1489 1593 VII,
1528 1539 1597 1595 26,
1636 1539 1676 1582 4.
1737 1537 1854 1591 Quid
1901 1538 2215 1583 contumaciam
2265 1538 2310 1582 in
2351 1550 2446 1596 per-

299 1632 430 1661 versa
467 1618 709 1673 nitentium,
754 1619 860 1674 quid
900 1619 1123 1661 levitatem
1166 1632 1337 1677 semper
1373 1619 1521 1674 aliquo
1558 1619 1917 1664 transsilientium
1960 1619 2113 1676 loquar
2152 1636 2211 1656 =
2266 1631 2453 1664 comme--

301 1700 499 1743 morem?
560 1700 750 1743 Diversa
778 1706 880 1743 sunt
910 1713 976 1757 ea,
1007 1713 1118 1755 quae
1149 1700 1267 1756 apud
1301 1700 1552 1744 Ciceronem
1584 1701 1862 1744 inveniuntur
1892 1700 2083 1755 „classes
2111 1700 2272 1755 loqui“,
2303 1699 2448 1755 „Cati-

301 1780 433 1822 linam
465 1780 531 1836 l.“,
578 1784 812 1837 propterea
857 1779 974 1835 quod
1022 1780 1140 1835 loqui
1186 1780 1232 1822 in
1276 1779 1344 1824 his
1394 1779 1680 1824 locutionibus
1730 1785 1904 1824 nostrae
1950 1780 2128 1824 dictioni
2173 1782 2258 1835 „im
2287 1781 2446 1825 Mundo

296 1859 480 1915 fabreffl
522 1859 768 1916 respondet,
813 1859 993 1916 propius
1035 1859 1162 1903 abest
1192 1858 1481 1903 Horatianum
1527 1858 1634 1902 illud
1680 1858 1744 1915 (C.
1775 1859 1849 1915 IV,
1885 1859 1956 1916 15)
2002 1859 2206 1903 Phoebus
2235 1859 2450 1902 volentem

298 1937 469 1994 proelia
498 1951 567 1982 me
598 1938 730 1994 loqui.
805 1938 990 1983 Restant
1031 1937 1118 1982 duo
1168 1938 1322 1995 verba,
1367 1951 1481 1993 quac
1511 1938 1680 1983 Seneca
1721 1939 1819 1995 ipsa
1864 1952 2035 1994 quoque
2081 1953 2178 1983 cum
2218 1953 2308 1983 acc.
2348 1952 2446 1982 con-

291 2017 463 2074 junxit,
513 2018 650 2062 verba
694 2017 1023 2062 debellandi
1069 2022 1113 2061 et
1157 2018 1515 2061 fulminandi.
1604 2019 1668 2061 Ac
1709 2017 2030 2074 debellare,
2075 2018 2192 2073 quod
2238 2019 2455 2074 imprimis

296 2110 325 2139 a
378 2097 505 2141 Livio
565 2097 915 2155 impersonaliter
985 2101 1243 2155 usurpatur,
1306 2096 1528 2154 Vergilius
1585 2097 1751 2155 primus
1809 2112 1906 2142 cum
1963 2112 2105 2143 accus.
2165 2098 2443 2153 conjunxisse

296 2177 492 2233 videtur,
557 2191 686 2234 quem
736 2178 932 2222 nonnulli
987 2182 1224 2234 argenteae
1283 2177 1444 2222 aetatis
1501 2178 1735 2235 scriptores
1794 2179 1934 2223 secuti
1984 2184 2097 2223 sunt.
2188 2180 2228 2223 A
2278 2178 2446 2222 Seneca

296 2257 466 2302 duobus
497 2258 604 2303 locis
635 2259 699 2302 sic
730 2262 986 2315 usurpatur:
1020 2259 1123 2302 Ben.
1153 2259 1231 2314 III,
1260 2260 1328 2314 32,
1360 2260 1389 2303 5
1420 2264 1518 2316 post
1549 2258 1768 2304 debellata
1797 2260 1947 2304 civilia
1975 2273 2098 2304 arma
2129 2265 2174 2304 et
2203 2261 2283 2317 Dp.
2314 2260 2386 2315 45,
2417 2260 2446 2303 9

294 2338 396 2394 tela,
427 2338 586 2394 quibus
625 2353 764 2396 genus
805 2339 1039 2383 humanum
1081 2339 1335 2384 debellatur.
1399 2339 1766 2383 Fulminandi
1795 2341 1976 2385 verbum
2013 2341 2183 2385 Seneca
2213 2354 2310 2384 cum
2353 2353 2442 2384 aec.

289 2418 438 2473 junxit
470 2419 583 2463 Dial.
617 2421 665 2474 V,
684 2421 764 2475 6,1
799 2420 1009 2464 inferiora
1039 2420 1324 2464 fulminantur
1354 2421 1379 2462 i.
1412 2433 1447 2463 e.
1482 2420 1661 2464 fulmine
1691 2420 2004 2477 percutiuntur,
2033 2420 2254 2479 (similiter
2275 2421 2447 2464 Petron.

296 2504 339 2542 et
370 2499 480 2543 Plin.
514 2500 614 2555 maj.
647 2505 691 2544 et
720 2500 1000 2558 posteriores,
1034 2505 1081 2544 ut
1112 2500 1352 2555 claudian,
1383 2500 1625 2555 Augustin„
1656 2500 1853 2544 Lactant.
1884 2501 2016 2544 locuti
2047 2502 2181 2558 sunt).

408 2578 571 2637 Restat,
592 2584 639 2623 ut
657 2593 730 2625 eos
752 2580 867 2625 locos
888 2579 1131 2638 afferamus,
1152 2580 1308 2636 quibus
1330 2579 1481 2624 ablat
1494 2579 1510 2623 i
1523 2593 1620 2625 vus
1650 2594 1679 2625 a
1698 2579 1866 2625 Seneca
1893 2580 2020 2625 aliter
2049 2585 2179 2637 atque
2209 2580 2265 2624 ab
2286 2593 2452 2624 aureae<

292 2660 449 2703 aetatis
479 2660 757 2717 scriptoribus
798 2665 1029 2718 usurpatus
1060 2665 1137 2705 est
1196 2660 1262 2704 Ac
1292 2660 1343 2705 N.
1376 2658 1426 2712 Q.
1456 2659 1528 2717 IV,
1557 2661 1598 2718 2,
1632 2661 1685 2704 13
1721 2674 1838 2705 more
1868 2665 2089 2718 poetarum
2126 2659 2446 2719 „Heracleotico

292 2740 402 2782 ostio
437 2740 552 2782 Nili“
590 2754 667 2797 pro
697 2741 766 2798 „in
806 2741 858 2785 H.
897 2754 933 2785 ο.
973 2741 1052 2786 N.“
1091 2741 1224 2797 dixit3
1270 2740 1514 2797 exemplum
1553 2739 1675 2785 aliud
1711 2754 1736 2785 e
1773 2740 1895 2786 libris
1924 2739 2117 2786 Senecae
2145 2740 2337 2799 proferre
2365 2755 2450 2785 non

293 2832 479 2875 possum.
530 2819 629 2865 Jam
651 2834 753 2865 vero
774 2821 950 2864 verbum
971 2821 1257 2865 invidendi
1279 2820 1517 2867 secundum
1537 2835 1697 2868 morem
1716 2822 1960 2878 aequalium
1980 2836 2079 2867 cum
2107 2822 2193 2866 dat.
2241 2833 2448 2878 personae

293 2904 336 2943 et
387 2913 485 2944 cum
536 2901 726 2945 ablativo
775 2901 840 2945 rei
892 2901 1129 2945 construxit
1180 2901 1294 2945 Dial.
1323 2901 1419 2958 VH,
1465 2902 1534 2958 23,
1578 2903 1606 2945 3
1650 2915 1785 2957 quare
1830 2903 1916 2946 illis
1962 2903 2073 2949 bono
2115 2903 2208 2946 loco
2248 2900 2463 2958 invideat,v

292 2978 344 3023 D.
362 2979 456 3038 VH,
478 2980 547 3038 24,
567 2981 606 3026 5.
665 2980 719 3026 N.
738 2979 789 3034 Q.
805 2980 866 3026 IV
886 2980 1079 3026 Prooem.
1098 2981 1135 3025 7.
1165 2980 1275 3039 (Liv.
1292 2980 1348 3039 H,
1368 2982 1440 3038 40,
1475 2983 1540 3038 11,
1569 2981 1642 3027 ubi
1672 2981 1796 3027 codd.
1827 2982 1940 3026 inter
1967 2982 2203 3039 „laudem“,
2232 2981 2445 3039 „laudes“,
