2767 3489
1330 165 1341 173 „
1377 92 1410 142 4

326 220 415 278 (his
444 221 585 267 verbis
616 222 782 268 Seneca
809 221 924 268 solus
962 235 1065 268 usus
1107 236 1202 268 esse
1243 220 1439 280 videtur).
1482 220 1871 278 enuntiativa»,
1907 220 2278 278 ,tardiloquus
2308 216 2458 276 (Μ

324 301 431 351 haec
452 302 538 349 duo
565 302 787 359 adjectiva
815 302 932 361 apud
956 301 1165 358 Senecam
1194 303 1332 352 solum
1360 307 1532 349 exstare
1558 302 1789 359 videntur),
1815 301 2212 357 infrunisszus==
2233 298 2458 357 iusim

324 383 690 441 invectitius,
720 383 1088 442 periusorius,
1118 397 1333 443 segrex,
1369 384 1769 429 stomachicus.
1823 382 2166 440 Compar-alis.
2197 380 2456 436 etjneorf

327 465 562 523 poralis,
613 464 1010 522 rationabilis,
1062 464 1461 522 irrationalis,
1510 464 1913 522 inconcussus,
1947 462 2337 519 indubitatus,
2360 460 2457 518 ‚ins-

328 545 560 604 efficax,
605 545 1061 604 inemendabilis,
1104 545 1499 602 inevitabilis,
1541 544 1970 603 inseparabilis,
2001 593 2007 597 ,
2040 540 2457 606 Ωαίιηωιιιβοηαω

326 626 539 684 ejusmodi
568 625 798 683 adjectivis
828 625 1066 671 delectatus
1095 626 1162 684 sit,
1192 626 1443 678 documento
1473 629 1573 672 sunt
1611 639 1697 670 non
1740 625 1877 676 solum
1916 624 2053 678 multa
2081 624 2175 677 alia.
2197 638 2222 674 e
2252 621 2461 682 prioribus

329 707 594 764 deprompta,
633 707 752 751 velut
790 706 1045 764 insecabilis,
1088 706 1383 765 intractabilis,
1427 704 1795 763 inexsuperabilis,
1834 705 2026 763 illaesus,
2052 704 2371 761 immansuetus„
2387 701 2467 751 sed

329 787 458 831 etiam
489 800 554 844 ea,
599 800 711 841 quae
755 786 871 843 apud
916 800 1011 830 eum
1043 787 1180 831 solum
1227 791 1397 832 exstare
1439 786 1653 833 videntur:
1690 787 1783 836 ina
1796 785 2084 844 gitabilis,
2123 783 2464 841 inde-fatiga-

328 867 466 911 bilis
497 871 541 912 et
570 866 1025 924 indefatigatus,
1052 866 1519 924 invulnerabilis,
1548 866 1999 923 inhonorificus,
2030 867 2336 922 inopertus.

441 946 640 1002 Denique
670 960 694 991 c
721 947 882 1004 verbis,
922 960 1033 1002 quae
1063 947 1293 996 Boehmius
1322 947 1505 1005 primum
1533 961 1561 992 a
1591 945 1757 991 Seneca
1787 949 1993 1003 usurpata
2031 949 2201 1003 censet,
2231 943 2340 1003 haec
2368 942 2461 989 sola

328 1029 585 1087 proferenda
606 1032 742 1071 erantz
773 1041 831 1070 ce
848 1028 1076 1070 rnulare
1105 1028 1176 1071 vel
1206 1041 1500 1084 cernuare,
1530 1027 1818 1084 hospitari,
1845 1025 2095 1082 nepotari
2116 1025 2252 1082 (apud
2271 1023 2457 1080 Plinium

325 1109 545 1164 majorem,
576 1108 650 1163 qui
676 1108 804 1151 etiam
828 1108 958 1150 verbo
981 1107 1225 1163 hospitandi
1241 1112 1282 1151 ct
1298 1107 1634 1151 converberandi
1663 1106 1805 1162 utitur,
1829 1106 1960 1150 subst.
1991 1109 2217 1163 nepotatus
2245 1124 2305 1148 ==
2333 1103 2460 1148 luxus

331 1191 517 1246 exstat),
568 1188 1008 1244 converberare,
1057 1187 1487 1241 corrotundare,
1537 1187 1816 1243 effocare,
1854 1185 2149 1243 affricare,
2191 1182 2461 1239 obirasci,

327 1270 720 1327 obrigescere,
749 1267 1117 1325 obsigillare,
1158 1268 1540 1325 replumbare,
1572 1267 1909 1325 collatrare,
1938 1266 2298 1333 revilescer'e,
2335 1263 2461 1313 sub-

324 1351 582 1395 influere
624 1350 828 1407 (Fickert.
860 1353 902 1392 et
932 1349 1119 1391 Haasius
1148 1349 1192 1392 iu
1223 1349 1318 1404 ejus
1349 1350 1487 1393 locum
1517 1347 1843 1406 „subterfluere“
1879 1347 2222 1404 substituerunt).
2299 1344 2466 1398 Quibus

327 1431 540 1489 quaedam
600 1430 803 1475 addenda
860 1434 1002 1486 erant,
1061 1429 1192 1473 veluti
1247 1430 1570 1486 apologare,
1628 1429 1948 1488 imaginari,
2007 1427 2369 1473 emendicare
2401 1445 2463 1482 ,ς

326 1510 610 1556 mendicando
652 1510 900 1567 impetrare,
946 1510 1245 1554 abnoctare
1282 1529 1339 1546 =
1378 1510 1480 1553 foris
1520 1514 1792 1567 pernoctare,
1829 1509 2120 1554 convivere
2149 1528 2208 1548 ==
2236 1504 2465 1554 convivari-

328 1590 446 1648 (Ben.
478 1591 511 1647 I,
546 1592 610 1647 12,
647 1592 684 1633 2.
715 1591 794 1646 Ep.
830 1590 953 1647 104),
992 1589 1299 1634 occallatus
1343 1589 1445 1646 (quo
1485 1588 1649 1634 Seneca
1687 1590 1802 1634 solus
1842 1589 2012 1636 videtur
2050 1601 2154 1639 usus
2193 1599 2289 1642 csse
2329 1585 2382 1630 N.
2413 1583 2463 1646 Q.

329 1671 401 1728 IV,
435 1670 506 1727 13)
536 1671 634 1715 alia.

441 1751 675 1795 Boehmius
707 1755 934 1808 postquam
967 1750 1078 1794 dixit
1108 1750 1431 1804 his'vocabuliS,
1463 1750 1500 1794 si
1530 1764 1671 1806 pauca
1691 1750 1974 1807 excipiantur,
2000 1755 2048 1797 ut
2068 1750 2322 1805 conlatrare,
2354 1748 2456 1793 effi>-

323 1845 436 1889 care,
476 1830 687 1886 effricare,
727 1836 894 1874 tantum
926 1831 1078 1876 abesse
1112 1835 1157 1874 ut
1204 1830 1438 1883 debeamus
1470 1830 1643 1887 offendi,
1688 1835 1732 1875 ut
1779 1830 1929 1887 lingua
1959 1830 2096 1876 latina
2125 1830 2253 1887 copia
2282 1828 2454 1887 aptissi-

323 1925 487 1956 morum
518 1913 746 1956 verborum
777 1912 1040 1968 locupletata
1071 1911 1139 1965 sit,
1171 1911 1215 1956 in
1233 1911 1427 1957 Senecae
1459 1911 1631 1958 dicendi
1662 1925 1821 1968 genere
1853 1911 1961 1955 nihil
1984 1911 2069 1955 nisi
2086 1912 2273 1958 colorem
2290 1911 2460 1958 cicero-

322 1993 500 2037 nianum
532 1992 773 2037 desiderari
804 1992 985 2049 ejusque
1016 1993 1149 2037 libros
1179 1992 1237 2036 ad
1268 1992 1523 2040 imitandum
1561 1993 1863 2051 proponendos
1894 2007 1991 2039 esse
2021 1994 2267 2048 arbitratur.
2317 1993 2458 2046 Quam

324 2088 415 2118 rem
447 2074 574 2129 longe
622 2074 748 2118 aliter
791 2087 838 2118 se
885 2073 1047 2118 habere
1081 2073 1380 2127 intellexisset,
1427 2075 1465 2118 si
1504 2080 1548 2118 et
1580 2074 1767 2122 indicem
1802 2088 1949 2126 eorum
1981 2075 2299 2131 vocabulorum,
2346 2087 2459 2131 ‘luae

320 2153 514 2198 Senecae
545 2158 690 2198 aetate
719 2154 809 2198 alia
838 2159 968 2210 atque
997 2159 1127 2198 antea
1158 2155 1201 2198 vi
1234 2155 1434 2211 praedita
1464 2160 1576 2209 sunt,
1618 2155 1828 2199 conficere
1859 2161 1903 2199 et
1934 2156 1977 2199 in
2003 2170 2099 2200 eam
2118 2155 2454 2212 discrepantiam

324 2235 542 2288 inquirere
586 2235 776 2277 animum
823 2234 1078 2289 induxisset,
1123 2247 1235 2289 quae
1269 2235 1309 2276 in
1355 2235 1530 2291 syntaxi
1561 2235 1673 2278 inter
1713 2237 1878 2291 priores
1909 2236 2142 2293 scriptores
2173 2240 2217 2284 et
2245 2234 2457 2288 Sflnwffll

323 2315 564 2357 intercedit.
627 2315 683 2356 Et
713 2314 917 2370 quoniam
949 2314 1053 2356 mihi
1085 2315 1352 2371 propositum
1373 2319 1439 2358 est
1472 2314 1582 2358 infra
1614 2314 1857 2372 ostendere,
1887 2315 1993 2372 quid
2020 2315 2193 2362 Seneca
2216 2327 2242 2359 e
2272 2313 2464 2373 priorum

320 2395 486 2437 ratione
517 2396 747 2437 verborum
778 2394 1178 2449 conjungendorum
1210 2395 1451 2449 mutaverit,
1498 2395 1578 2438 hoc
1608 2394 1703 2438 loco
1734 2395 1842 2441 satis
1877 2395 2014 2440 habeo
2058 2408 2221 2451 paucas
2260 2408 2390 2441 voces
2417 2399 2464 2444 et

321 2472 560 2516 locutiones
591 2472 762 2529 afferre,
795 2472 951 2529 quibus
983 2472 1032 2529 ie,
1075 2472 1148 2529 qui
1181 2473 1371 2531 priorum
1402 2478 1445 2519 et
1475 2474 1661 2521 maxime
1692 2474 1914 2521 Ciceronis
1956 2475 2079 2524 libris
2110 2474 2307 2532 legendis
2336 2474 2461 2525 tritas

322 2566 449 2597 aures
483 2553 624 2609 habet,
657 2567 741 2597 non
773 2558 917 2610 potest
947 2567 1032 2597 non
1065 2553 1240 2597 offendi.
1316 2554 1541 2609 Ejusmodi
1584 2554 1688 2599 mihi
1721 2554 1829 2600 haec
1869 2554 2071 2602 videntur
2101 2569 2220 2605 esso:
2247 2556 2460 2613 ..dranis

321 2632 515 2688 siccus,
537 2632 624 2689 (cui
647 2633 840 2677 italicum
871 2648 984 2690 pane
1007 2648 1132 2679 secco
1154 2639 1197 2677 et
1229 2640 1419 2678 nostrum
1452 2638 1631 2681 trecken,
1650 2638 1742 2678 ellel
1768 2636 1883 2682 Brod
1915 2636 2178 2694 respondet),
2207 2635 2456 2693 (beneficia)

324 2712 442 2761 haud
474 2713 604 2756 dubie
652 2714 857 2770 primae
906 2728 962 2757 so
979 2714 1084 2759 rtis
1114 2715 1211 2772 (Ep.
1244 2716 1311 2771 36,
1341 2715 1401 2771 ὃ),
1448 2716 1671 2771 egregium
1713 2716 1793 2760 hoc
1834 2730 2018 2774 quoque,
2063 2717 2142 2767 sed
2172 2716 2456 2766 secundae

322 2792 497 2835 sortis
530 2792 751 2848 ingenium
781 2794 877 2850 (Ep.
911 2795 980 2849 52,
1012 2796 1072 2851 3),
1120 2809 1206 2838 non
1248 2809 1383 2851 usque
1423 2809 1475 2838 eo
1522 2796 1572 2839 in
1603 2796 2026 2853 possessionem
2066 2797 2240 2854 generis
2281 2796 2458 2847 hnmani

321 2873 430 2916 vitia
461 2879 734 2916 venerunt
765 2875 898 2929 (Dial.
930 2876 963 2930 Ι,
997 2877 1035 2929 3,
1056 2877 1141 2931 12),
1174 2876 1229 2919 in
1260 2877 1617 2932 possessione
1648 2881 1734 2919 est
1765 2877 1912 2933 (DII,
1941 2879 1980 2933 5,
2002 2879 2064 2935 5),
2093 2877 2138 2926 in
2164 2876 2459 2935 hujusgamiii

322 2954 597 3013 possessione
630 2967 726 2998 esse
757 2959 799 2998 te
840 2956 938 2999 volo
968 2955 1062 3016 (Ep.
1096 2957 1164 3015 23,
1195 2956 1224 3001 4
1266 2956 1350 3002 Cfr,
1387 2957 1464 3017 Ep.
1496 2958 1565 3014 50,
1600 2957 1656 3018 7),
1698 2970 1794 3004 cum
1824 2970 1872 3005 se
1905 2958 1954 3003 in
1984 2958 2351 3019 possessione
2372 2971 2461 3019 po-
