2767 3489
1325 95 1382 156 25

291 241 387 282 csse
415 241 459 281 et
485 226 764 283 substantivo
783 240 961 295 constat,
992 237 1110 282 velut
1137 249 1321 293 magnus
1349 240 1440 282 erat
1469 236 1588 281 labor
1616 235 1680 280 ire
1709 236 1753 280 in
1784 234 1971 293 coelum;
2000 249 2080 281 nec
2110 235 2224 281 enim
2253 222 2418 281 bonitas

291 322 357 361 est
380 318 575 373 pessimis
605 331 700 361 esse
717 317 954 361 meliorem.
994 318 1031 361 E
1062 317 1306 375 largissima
1333 317 1456 374 copia
1484 317 1787 373 exemplorum,
1817 318 2038 374 quaesere
2060 317 2104 361 in
2125 318 2239 362 omni
2260 318 2421 376 pagina

292 397 615 455 deprehendere
643 397 754 456 licet,
799 411 853 442 ea
881 402 1048 442 tantum
1077 398 1247 456 eligam,
1291 411 1404 454 quae
1431 398 1485 442 ob
1516 397 1893 453 breviloquentiam
1925 398 1994 442 vel
2023 398 2152 442 aliam
2172 398 2227 442 ob
2247 412 2421 443 causam

292 479 482 537 insignia
509 484 618 524 sunt.
676 479 754 537 Ep.
788 481 882 538 117,
912 480 940 523 6
975 479 1107 537 igitur
1137 480 1244 524 haec
1273 480 1497 537 leguntur:
1535 478 1592 522 Et
1630 477 1747 535 apud
1786 493 1864 523 nos
1902 478 2092 524 veritatis
2122 485 2419 537 argumentum

290 565 356 604 est
384 560 549 616 aliquid
579 561 775 604 omnibus
804 561 951 604 videri.
1010 559 1104 611 Quo
1134 560 1226 604 loco
1256 560 1395 604 verbis
1424 559 1614 617 „aliquid
1655 560 1848 604 omnibus
1878 560 2037 606 videri“
2081 559 2316 618 significari
2346 563 2422 604 der

299 640 516 697 Hmstand,
560 643 660 685 dass
691 642 805 685 allen
833 650 964 686 etwas
996 644 1059 684 als
1090 643 1213 684 wahr
1243 644 1443 684 erse-heim
1484 645 1528 684 et
1565 655 1620 685 ex
1657 641 1733 697 eis,
1769 655 1881 696 quae
1920 641 2182 698 praecedunt
2222 641 2421 698 (multum

294 721 398 765 dare
428 722 613 766 solemus
637 720 969 777 praesumptioni
999 721 1187 765 omnium
1218 721 1451 778 hominum)
1481 726 1526 767 et
1547 735 1600 766 ex
1621 721 1895 777 sequentibus
1915 722 2122 779 exemplis
2147 721 2422 779 intellegitur,

295 801 532 857 (tamquam
563 801 666 845 deos
695 813 791 845 esse
819 800 929 845 inter
958 801 1046 846 alia
1074 800 1156 846 1100
1184 799 1434 859 colligimus,
1464 801 1580 858 quod
1609 801 1806 846 omnibus
1836 802 1966 844 insita
1994 802 2049 845 de
2072 802 2139 845 dis
2160 802 2302 858 opinio
2324 803 2419 858 est).

293 883 397 925 Ben.
427 882 521 938 VH,
554 883 618 939 12,
649 883 675 926 6
706 882 802 927 Non
835 886 899 927 est
927 885 1225 938 argumentum
1254 881 1351 925 ideo
1381 881 1544 938 aliquid
1573 886 1691 925 tuum
1722 895 1806 926 non
1835 894 1942 938 esse,
1984 881 2086 937 quia
2116 881 2304 924 vendere
2336 895 2419 924 non

292 966 423 1017 potes.
482 964 650 1019 Agmen
679 968 806 1019 cogat
835 964 964 1018 locus,
1001 961 1047 1005 in
1075 976 1159 1016 quo
1190 960 1274 1005 duo
1320 961 1517 1006 infinitivi
1556 961 1839 1018 inveniuntur,
1880 975 2058 1017 quorum
2089 975 2197 1005 unus
2228 960 2424 1018 subjecti,

294 1042 405 1085 alter
434 1042 669 1098 praedicati
699 1042 793 1086 vice
821 1041 1022 1099 fungitur.
1082 1040 1194 1085 Dial.
1225 1040 1324 1098 XII,
1349 1043 1411 1099 19,
1444 1043 1467 1085 7
1499 1041 1622 1086 Haec
1652 1055 1735 1085 11011
1765 1041 1863 1086 ideo
1893 1042 2041 1098 refero,
2071 1045 2117 1084 ut
2147 1041 2297 1085 laudes
2327 1041 2422 1097 ejus

298 1135 520 1180 exsequar,
550 1136 658 1178 quas
688 1122 1034 1167 circumscribere
1062 1126 1128 1165 est
1155 1126 1244 1165 tam
1273 1136 1402 1178 parce
1432 1127 1730 1167 transcurrere.
1761 1149 1817 1153 —

413 1203 642 1260 Objectum
664 1202 898 1247 infinitivus
920 1207 984 1247 est
1003 1216 1088 1246 non
1109 1202 1245 1246 solum
1265 1201 1490 1246 verborum
1513 1202 1672 1260 scire,
1702 1203 1933 1259 nescire,
1963 1202 2192 1260 discere,
2222 1202 2423 1259 docere,

296 1283 451 1339 quibus
482 1283 611 1327 etiam
642 1298 670 1327 a
699 1283 901 1327 Cicerone
930 1283 1111 1338 aliisque
1141 1283 1350 1339 prioribus
1379 1283 1652 1340 scriptoribus
1682 1283 1915 1327 infinitivus
1944 1284 2130 1341 additur,
2175 1283 2253 1327 sed
2298 1284 2425 1327 etiam

301 1364 525 1407 verborum
571 1364 804 1420 habere,
849 1363 1059 1420 dicere,
1105 1377 1318 1407 vocare.
1377 1363 1459 1407 Cfr.
1499 1364 1578 1420 Ep.
1612 1365 1706 1420 117,
1747 1365 1803 1407 28
1850 1364 2083 1407 maximum
2126 1369 2423 1421 argumentum

301 1443 439 1489 habeo
468 1443 655 1487 nondum
686 1444 925 1501 praesentis
954 1444 1142 1486 futurum
1172 1457 1277 1487 esse.
1337 1443 1413 1499 Ep.
1444 1445 1511 1499 87,
1554 1444 1605 1486 19
1645 1458 1699 1486 ne
1739 1443 1924 1499 quietem
1960 1445 2134 1499 quidem
2164 1450 2206 1487 et
2234 1444 2427 1488 molestia

296 1537 452 1568 vacare
482 1525 637 1568 bonum
669 1524 821 1569 dicam.
881 1524 983 1568 Ben.
1004 1523 1060 1581 ΙΙ,
1083 1524 1152 1582 27,
1182 1525 1209 1566 2
1240 1537 1294 1567 ex
1320 1524 1502 1567 diversis
1533 1538 1584 1568 ac
1614 1524 1919 1568 dissidentibus
1951 1524 2070 1568 bonis
2102 1524 2312 1568 hominem
2342 1538 2425 1568 non

296 1618 390 1650 esse
410 1604 688 1661 compositum
710 1604 914 1661 injuriam
945 1609 1111 1661 vocant,
1142 1606 1215 1648 cfr.
1235 1604 1314 1661 ΠΙ,
1332 1605 1370 1661 9,
1390 1605 1426 1648 2.
1463 1603 1628 1657 Quibus
1658 1605 1762 1648 locis
1792 1605 1979 1648 addendi
2008 1605 2207 1648 videntur
2235 1619 2330 1649 esse
2361 1605 2427 1649 hi:

293 1684 371 1742 Ep.
394 1686 490 1742 102,
519 1686 577 1729 30
606 1684 679 1740 qui
709 1684 815 1728 mori
845 1689 1056 1742 sperat,
1087 1684 1160 1728 ubi
1190 1684 1297 1728 mori
1326 1685 1431 1728 nihil
1460 1686 1581 1728 aliud
1610 1691 1675 1728 est
1704 1686 1786 1728 nisi
1814 1692 1991 1729 mortem
2021 1691 2063 1729 et
2092 1685 2203 1729 Dial.
2229 1686 2283 1742 ΙΙ,
2310 1688 2373 1742 10,
2395 1688 2423 1728 4

302 1765 422 1809 nulla
451 1764 585 1809 virtus
617 1768 693 1822 est,
723 1777 834 1821 quae
863 1778 948 1808 non
977 1761 1199 1808 sentiat
1228 1766 1392 1821 perpeti
1421 1765 1436 1808 i
1467 1779 1502 1809 e.
1533 1779 1646 1821 quae
1675 1780 1758 1808 non
1789 1779 1916 1808 sensu
1943 1765 2087 1820 aliquo
2108 1766 2303 1822 afficitur,
2332 1780 2427 1810 cum

301 1845 536 1902 perpetitur
574 1846 740 1900 aliquid
786 1845 899 1888 111311.
974 1845 1124 1889 Restat
1161 1859 1270 1888 unus
1309 1846 1436 1902 locus,
1474 1859 1558 1901 quo
1598 1847 1772 1889 verbum
1810 1845 2034 1889 vitandi
2079 1859 2177 1890 011111
2220 1845 2427 1889 infinitivo

300 1924 575 1981 conjunctum
605 1929 681 1969 est.
732 1925 810 1981 Ep.
828 1926 895 1982 81,
917 1925 972 1968 22
1002 1925 1155 1980 Itaque
1184 1925 1342 1981 ingrati
1372 1938 1466 1968 esse
1497 1925 1690 1982 vitemus,
1720 1925 1794 1981 qui
1824 1926 1941 1969 locus
1970 1926 2027 1969 ab
2056 1926 2131 1982 eis,
2160 1939 2267 1981 quos
2298 1939 2427 1982 supra

299 2005 531 2063 attulimus,
574 2019 624 2050 eo
668 2005 822 2062 differt,
866 2005 980 2061 quod
1022 2005 1199 2049 verbum
1237 2005 1401 2048 vitandi
1440 2019 1537 2049 cum
1578 2006 1840 2049 nominativo
1875 2020 1910 2050 c.
1941 2006 2015 2049 inf.
2047 2006 2320 2061 conjunctum
2350 2012 2426 2063 est,

302 2091 521 2143 tamquam
552 2090 665 2130 esset
692 2085 737 2128 in
767 2100 941 2129 numero
969 2086 1194 2128 verborum
1224 2084 1494 2141 modalitatis,
1524 2099 1635 2140 quae
1661 2086 1871 2142 dicuntur,
1902 2086 2154 2130 habendum.

416 2166 514 2211 Jam
542 2180 643 2211 vero
674 2180 726 2210 ea
756 2167 887 2209 verba
916 2179 1224 2221 enumeremus,
1264 2180 1374 2221 quae
1414 2180 1511 2208 cum
1539 2181 1567 2209 a
1597 2166 1807 2223 prioribus
1849 2172 1924 2210 aut
1963 2180 2173 2222 nusquam
2218 2172 2292 2211 aut
2332 2181 2426 2212 raro

303 2262 399 2294 cum
436 2247 644 2292 infinitivo
673 2245 1002 2304 conjungantur,
1037 2260 1064 2290 a
1094 2246 1259 2290 Seneca
1295 2247 1383 2290 fere
1421 2259 1589 2304 semper
1625 2246 1688 2291 sic
1729 2252 1998 2303 usurpantur.
2058 2246 2154 2299 Qua
2191 2248 2236 2289 in
2275 2261 2319 2290 re
2359 2261 2428 2290 ex-

304 2328 527 2384 sequenda
555 2327 602 2371 id
632 2327 715 2384 egi,
745 2331 792 2370 ut
820 2327 982 2371 nullum
1011 2327 1149 2371 locum
1179 2327 1567 2383 praetermitterem.
1627 2328 1770 2370 Ordiri
1799 2328 1902 2369 libet
1932 2342 1959 2369 a
1986 2329 2128 2370 verbis
2156 2329 2429 2384 modalitatis,

297 2422 409 2465 quae
440 2408 649 2453 dicuntur.

410 2489 669 2545 cogitare
700 2488 811 2533 Dial.
844 2488 915 2545 VI,
941 2490 977 2545 l,
1000 2489 1027 2531 3
1058 2502 1136 2532 nec
1166 2488 1323 2531 furtum
1354 2487 1493 2531 facere
1525 2513 1572 2518 —
1601 2488 1795 2545 cogitem,
1819 2489 1920 2531 Ben.
1943 2488 1998 2544 11,
2033 2491 2096 2545 10,
2126 2489 2166 2531 2.
2198 2488 2270 2546 VI,
2303 2490 2368 2545 19,
2400 2492 2428 2532 4

303 2570 355 2614 Ν.
387 2568 436 2621 Q.
466 2569 537 2627 IV,
567 2571 608 2626 5,
637 2570 677 2612 3.
717 2568 795 2625 Ep.
827 2569 894 2626 25,
929 2572 962 2611 1.
1003 2569 1071 2625 86,
1101 2569 1169 2611 21.
1216 2567 1364 2625 (Haud
1400 2567 1549 2623 ignoro
1584 2567 1678 2623 jam
1717 2568 1962 2612 Ciceronem
2004 2569 2182 2612 verbum
2211 2570 2430 2626 cogitandi

293 2651 356 2695 ita
384 2650 692 2707 usurpavisse.)

409 2732 830 2789 concupiscere
869 2731 945 2787 Ep.
976 2732 1045 2787 39,
1076 2732 1102 2773 2
1132 2730 1404 2787 concupisces
1451 2735 1494 2775 et
1534 2730 1627 2788 ipse
1657 2745 1710 2775 ex
1753 2730 1838 2775 illis
1870 2744 1980 2775 unus
2011 2744 2118 2777 esse.
2180 2731 2258 2789 Ep.
2289 2733 2359 2790 80,
2389 2734 2427 2777 4.

310 2813 454 2856 Etiam
484 2814 582 2856 huic
612 2814 740 2856 verbo
771 2812 917 2856 Cicero
947 2811 1201 2855 infinitivum
1232 2811 1427 2869 addidit.)

410 2893 752 2938 desiderare
792 2893 903 2936 Dial.
934 2892 989 2950 ΙΙ,
1021 2894 1059 2950 8,
1090 2895 1117 2936 2
1155 2891 1302 2947 Juvari
1340 2891 1595 2937 desiderant.
1655 2892 1732 2949 Ep.
1775 2893 1815 2950 9,
1851 2896 1884 2937 1.
1921 2895 1986 2952 17,
2023 2895 2061 2938 4.
2105 2895 2174 2953 33,
2208 2897 2242 2938 l.
2283 2897 2351 2952 45,
2391 2897 2430 2952 3,

295 2976 362 3035 74,
384 2976 451 3019 20.
507 2975 702 3033 (Praeter
726 2974 934 3019 Senecam
965 2974 1052 3019 Cic.
1084 2979 1128 3019 et
1157 2974 1265 3018 Plin.
1296 2973 1395 3030 maj.
1424 2974 1487 3018 ita
1516 2975 1595 3019 1100
1626 2975 1802 3019 verbum
1834 2982 2176 3033 usurpaverunt.)

406 3051 409 3056 ’
2232 3056 2256 3093 4
