2767 3489
1456 136 1513 194 32

415 275 464 328 Q.
495 275 566 333 VI,
597 275 666 333 24,
702 275 723 319 1
756 287 834 320 ceu
865 287 961 320 cum
974 275 1059 334 —),
1100 274 1252 320 sicut
1290 275 1359 332 (N.
1392 275 1442 329 Q.
1476 277 1531 335 II,
1561 277 1630 334 22,
1665 280 1682 320 l
1747 275 1958 329 Quoniam
1999 280 2166 321 constat
2203 279 2427 332 utramque
2461 283 2551 321 rem

412 356 584 413 igneam
632 369 741 414 esse,
787 354 1023 413 videamus,
1066 354 1427 411 quemadmodum
1457 356 1571 414 ignis
1600 354 1693 400 fieri
1722 356 1859 401 soleat
1887 355 2004 412 apud
2035 370 2112 401 nos
2128 383 2182 389 —-
2199 356 2364 401 duobus
2394 355 2551 400 modis:

412 449 509 493 uno,
547 436 585 480 si
626 436 838 481 excitatur
874 435 984 479 sicut
1021 449 1075 479 ex
1117 435 1275 493 lapide,
1314 436 1462 494 altero,
1499 436 1536 480 si
1576 435 1734 480 adtritu
1763 435 1990 494 invonitur,
2026 436 2137 481 sicut
2177 450 2273 480 cum
2316 436 2400 481 duo
2430 436 2551 493 ligna

411 516 523 560 inter
546 530 593 559 se
614 515 775 559 diutius
805 515 932 559 fricta
959 520 1078 572 sunt,
1108 530 1192 560 non
1223 515 1359 560 omnis
1384 516 1463 561 hoc
1485 516 1562 560 tibi
1584 515 1761 560 materia
1781 516 2028 573 praestabit,
2058 515 2135 560 sed
2155 516 2310 560 idonea
2331 515 2552 560 eliciendis

413 596 597 653 ignibus,
637 596 748 640 sicut
782 596 939 652 lauruS,
983 595 1170 640 hederae
1210 601 1253 640 et
1292 596 1380 640 alia
1418 596 1463 640 in
1494 597 1606 641 hunc
1646 611 1768 640 usum
1795 596 1906 653 {nota
1943 596 2223 654 pastoribus),
2273 601 2549 651 tamquam

412 676 508 734 (Ep.
541 678 609 735 82,
650 679 744 735 10),
782 681 921 734 puta
960 677 1056 734 (Ep.
1095 678 1171 734 90,
1203 678 1255 721 31
1301 691 1383 734 ego
1421 693 1500 723 nec
1538 677 1842 722 Anarcharsim
1881 682 2096 722 auctorem
2136 677 2268 733 hujus
2313 678 2376 721 rei
2418 676 2550 736 [rotae

410 756 547 817 figuli]
590 758 722 803 fuisse
760 757 970 803 contendo
1000 763 1058 815 et,
1096 758 1133 801 si
1165 757 1267 815 fuit,
1304 758 1479 815 sapiens
1521 759 1693 814 quidem
1733 758 1812 802 hoc
1851 758 2036 816 invenit,
2078 758 2156 803 sed
2202 774 2288 803 non
2333 764 2551 814 tamquam

410 839 595 897 sapienS‚
635 839 745 884 sicut
774 840 910 883 multa.
939 839 1155 896 sapientes
1195 839 1370 897 faciunt,
1412 854 1499 896 qua
1542 840 1731 884 homines
1775 845 1885 898 sunt,
1926 854 2009 884 non
2046 854 2132 896 qua
2162 840 2402 898 sapientes:
2444 845 2549 896 puta.

412 920 727 964 velocissimum
757 933 850 964 esse
880 920 1140 977 sapientem:
1187 932 1313 964 cursu
1344 933 1491 966 omnes
1522 920 1710 978 anteibit,
1757 933 1845 976 qua
1876 921 2000 965 velox
2032 925 2108 979 est,
2139 934 2222 966 non
2254 934 2340 977 qua
2367 919 2552 977 sapiens,

414 1006 468 1043 ut
499 1005 635 1057 puta
667 1001 738 1058 (N.
764 1000 812 1053 Q.
834 1001 889 1058 ΙΙ,
912 1002 950 1058 2,
972 1001 1009 1044 3.
1040 1000 1119 1057 Ep.
1140 1001 1210 1057 47,
1236 1001 1288 1044 15
1339 1000 1482 1059 Erras,
1512 1001 1548 1045 si
1579 1000 1799 1045 existimas
1828 1014 1894 1045 me
1927 1000 2133 1056 quosdam
2156 1001 2280 1057 quasi
2301 1000 2548 1045 sordidioris

411 1094 569 1138 operae
609 1081 889 1138 rejecturum,
930 1085 976 1124 ut
1013 1086 1117 1137 puta
1156 1080 1276 1123 illum
1316 1081 1543 1125 mulionem
1589 1085 1630 1124 et
1669 1080 1786 1124 illum
1826 1081 2089 1139 bubulcum),
2135 1094 2270 1125 ecce
2299 1080 2394 1138 (Ep.
2423 1081 2493 1138 58,
2525 1081 2548 1124 7

410 1161 530 1218 Rogo
568 1161 715 1217 itaque
752 1162 974 1219 permittas
1018 1160 1121 1204 mihi
1166 1160 1244 1204 hoc
1286 1160 1413 1205 verbo
1465 1157 1641 1220 [οὐσία]
1683 1162 1763 1218 uti;
1809 1161 2084 1206 nihilominus
2123 1161 2234 1206 dabo
2275 1175 2459 1218 operam,
2503 1165 2549 1204 ut

407 1241 482 1297 jus
527 1256 555 1285 a
598 1247 639 1285 te
689 1242 836 1285 datum
880 1241 1128 1298 parcissime
1176 1255 1422 1286 exerceam:
1468 1242 1646 1285 fortasse
1683 1247 1905 1286 contentus
1955 1256 2027 1286 ero
2069 1242 2172 1286 mihi
2213 1242 2351 1286 licere.
2435 1240 2550 1293 Quid

411 1322 600 1378 proderit
629 1322 815 1367 facilitas
845 1327 931 1379 tua,
961 1336 1056 1366 cum
1088 1335 1188 1366 ecce
1217 1321 1263 1365 id
1293 1322 1410 1366 nullo
1442 1322 1564 1366 modo
1595 1322 1727 1366 latine
1758 1323 1997 1379 exprimere
2028 1323 2198 1380 possim,
2229 1328 2401 1380 propter
2431 1321 2545 1378 quod

411 1404 586 1460 linguae
616 1408 788 1447 nostrae
820 1402 1056 1447 convicium
1088 1402 1170 1446 feci
1201 1401 1270 1461 [ιό
1303 1399 1387 1460 ὃν].
1447 1404 1523 1460 Ep.
1554 1405 1622 1461 59,
1655 1405 1678 1447 7
1720 1403 1915 1446 Sextium
1955 1417 2053 1447 ecce
2090 1417 2185 1447 cum
2216 1403 2402 1447 maxime
2432 1403 2548 1459 lego;

409 1484 488 1540 Ep.
520 1486 589 1540 90,
637 1485 694 1527 20
749 1483 1005 1526 Incredibile
1048 1487 1125 1540 est,
1176 1483 1234 1525 mi
1272 1482 1432 1539 Lucili,
1489 1498 1616 1539 quam
1654 1483 1780 1528 facile
1820 1484 1949 1527 etiam
1987 1497 2166 1541 magnos
2206 1484 2320 1528 viros
2368 1483 2549 1528 dulcedo

411 1564 619 1608 orationis
650 1564 836 1607 abducat
867 1577 894 1606 a
922 1577 1045 1607 vero:
1076 1577 1175 1607 ecce
1205 1563 1711 1608 Posidonius—textrini
1743 1578 1912 1620 quoque
1935 1568 2070 1608 altem
2099 1578 2126 1608 a
2155 1564 2420 1621 sapientibus
2442 1563 2551 1607 dixit

410 1646 658 1702 inventam).
694 1645 745 1688 In
774 1649 1019 1688 transcursu
1051 1657 1200 1688 moneo
1232 1644 1360 1688 verbo
1389 1645 1537 1702 „ecce“
1559 1643 1765 1689 Senecam
1787 1644 1903 1688 haud
1933 1644 2081 1701 paucis
2110 1644 2213 1689 locis
2245 1644 2318 1702 uti,
2348 1658 2373 1689 e
2395 1643 2548 1700 quibus

412 1725 518 1769 duos
547 1708 698 1769 afferre
719 1725 824 1768 satis
854 1724 1001 1781 habeo,
1031 1724 1109 1781 Ep.
1130 1725 1199 1781 22,
1223 1726 1285 1781 13,
1317 1724 1390 1767 ubi
1414 1724 1577 1768 Seneca
1607 1724 1710 1768 dicit
1739 1725 2007 1769 adiciendam
2038 1724 2249 1782 epistulae
2278 1738 2372 1769 esse
2404 1738 2550 1768 vocem

410 1806 502 1850 sive
533 1806 785 1850 sententiam
817 1806 1022 1862 sapientis
1053 1804 1240 1861 alicujus
1272 1805 1351 1848 viri
1383 1810 1426 1849 et
1456 1806 1612 1862 pergit:
1668 1810 1710 1849 et
1752 1806 1933 1850 occurrit
1970 1805 2074 1848 mihi
2105 1819 2205 1849 ecce
2233 1805 2377 1849 nescio
2408 1809 2547 1848 utrum

410 1887 551 1931 verior
591 1901 647 1930 an
686 1887 949 1942 eloquentior
987 1892 1029 1930 et
1069 1886 1180 1930 Dial.
1212 1886 1310 1944 XII,
1353 1888 1391 1943 9,
1429 1887 1468 1943 8,
1508 1887 1579 1930 ubi
1611 1892 1835 1942 postquam
1876 1886 1984 1930 dixit
2022 1886 2249 1930 Caesarem
2298 1900 2376 1943 per
2413 1899 2548 1929 annos

410 1968 558 2012 decem
593 1968 813 2011 continuos
845 1967 1033 2011 caruisse
1064 1967 1216 2024 patria,
1247 1967 1408 2023 pergit:
1452 1981 1565 2010 nunc
1608 1981 1706 2010 ecce
1750 1967 1881 2009 trahit
1920 1967 2041 2009 illum
2079 1966 2136 2009 ad
2166 1980 2213 2010 se
2240 1967 2387 2009 Africa
2417 1979 2549 2009 resur-

411 2048 551 2104 gentis
584 2048 683 2091 belli
714 2047 841 2091 minis
871 2048 1002 2104 plena
1032 2053 1073 2091 et
1104 2062 1143 2102 q.
1176 2061 1207 2090 s.

527 2128 694 2183 Reliqui
724 2133 823 2171 sunt
853 2129 1016 2182 aliquot
1047 2128 1139 2183 loci,
1177 2129 1331 2182 quibus
1373 2127 1539 2170 Seneca
1579 2127 1810 2182 particulas
1851 2133 1893 2170 et
1933 2127 2138 2170 adverbia
2178 2127 2247 2169 vel
2288 2126 2440 2170 eadem
2479 2127 2551 2169 vel

411 2212 620 2265 cognatae
660 2207 985 2265 significationis
1023 2207 1293 2252 consociavit.
1365 2205 1462 2258 Qua
1499 2220 1543 2250 re
1580 2206 1718 2250 minus
1760 2206 1999 2251 offendetur
2037 2206 2088 2262 is,
2130 2205 2204 2262 qui
2243 2219 2388 2251 secum
2427 2220 2550 2263 repu-

409 2288 565 2332 taverit
606 2287 860 2345 procedente
901 2293 1088 2343 tempore
1130 2287 1216 2331 vim
1256 2287 1479 2332 verborum
1521 2287 1651 2330 minui
1681 2294 1810 2343 atque
1839 2287 2073 2331 extenuari.
2124 2285 2248 2339 Quod
2279 2291 2325 2330 ut
2355 2287 2551 2343 exemplo

411 2369 625 2413 declarem
666 2369 905 2427 „infinitus“
952 2382 1028 2425 pro
1060 2382 1278 2425 magnus
1318 2367 1492 2424 saepius
1532 2382 1559 2411 a
1590 2367 1756 2412 Seneca
1786 2373 2026 2425 usurpatur.
2089 2367 2172 2411 cfr.
2204 2368 2305 2411 Ben.
2336 2367 2393 2425 11,
2425 2368 2492 2425 27,
2523 2368 2550 2410 3

411 2455 458 2493 ut
497 2450 693 2494 flammae
733 2449 897 2492 infinito
937 2449 1075 2493 acrior
1106 2449 1182 2505 viS,
1220 2462 1303 2504 quo
1346 2461 1399 2492 ex
1443 2448 1605 2504 majore
1644 2448 1841 2493 incendio
1872 2449 2047 2505 emicat;
2094 2448 2168 2493 cfr.
2200 2448 2303 2492 Ben.
2334 2447 2412 2506 lII,
2442 2449 2482 2506 9,
2511 2448 2549 2491 3.

409 2532 473 2574 Ac
515 2531 674 2574 modo
717 2530 955 2588 duplicavit
1000 2530 1111 2573 Dial.
1154 2530 1208 2588 X,
1250 2531 1314 2587 18,
1360 2531 1388 2573 5
1435 2535 1477 2572 et
1520 2529 1573 2574 D.
1605 2530 1704 2588 XII,
1745 2532 1784 2588 2,
1827 2532 1855 2573 5
1909 2529 2054 2587 (modo
2103 2529 2229 2573 modo
2272 2529 2317 2573 in
2358 2528 2553 2574 cumdem

410 2611 573 2668 sinum,
629 2625 683 2655 ex
731 2624 815 2666 quo
854 2615 941 2654 tres
984 2615 1159 2667 nepotes
1200 2610 1428 2665 emiseraS,
1482 2623 1580 2653 ossa
1625 2610 1752 2653 trium
1799 2614 1998 2665 nepotum
2045 2609 2254 2665 recepisti.
2315 2609 2553 2665 Fickertus,

411 2690 484 2746 qui
533 2690 729 2746 quamvis
776 2690 888 2734 hanc
935 2689 1157 2734 lectionem
1204 2688 1353 2745 optimi
1403 2687 1559 2733 codicis
1603 2687 1966 2747 [Mediolanensis]
2012 2688 2058 2732 in
2102 2693 2265 2732 textum
2315 2703 2398 2732 non
2439 2702 2554 2732 rece-

412 2771 540 2829 perit,
586 2776 730 2815 tamen
770 2785 865 2815 eam
908 2770 1112 2827 probans,
1157 2774 1376 2826 comparat
1424 2783 1520 2813 cum
1563 2769 1777 2828 jamjam).
1838 2769 1981 2822 Quid?
2028 2769 2143 2825 quod
2185 2769 2314 2813 etiam
2353 2768 2551 2813 deinde

411 2857 454 2896 et
495 2856 623 2896 tunc
660 2851 737 2908 Ep.
772 2852 838 2909 74,
868 2852 925 2895 25
964 2856 1005 2895 et
1042 2850 1121 2907 Ep.
1158 2850 1250 2908 117,
1293 2853 1311 2895 1
1361 2848 1584 2905 conjunxit
1629 2850 1829 2908 (primum
1876 2865 2100 2907 exponam,
2143 2848 2248 2905 quid
2294 2848 2447 2894 Stoicis
2492 2849 2553 2894 vi-

411 2932 579 2989 deatur;
625 2931 832 2977 deinde
872 2937 1006 2976 tunc
1054 2931 1195 2976 dicere
1239 2930 1496 2976 sententiam
1541 2931 1718 2976 audebo.
1790 2932 2021 2976 Praeterea
2051 2930 2221 2975 etiam
2251 2936 2295 2975 et
2334 2943 2548 2986 quoque

404 3013 552 3073 junxit
599 3014 649 3057 N.
682 3013 731 3066 Q.
761 3013 795 3072 Ι,
833 3015 873 3071 3,
918 3015 945 3057 9
1001 3013 1081 3057 sed
1123 3013 1252 3057 etiam
1297 3013 1343 3057 in
1392 3012 1458 3055 his
1507 3026 1674 3068 quoque
1722 3017 1764 3056 et
1809 3012 1911 3056 Ben.
1942 3012 2016 3071 IV,
2051 3014 2115 3071 17,
2161 3013 2188 3055 2
2237 3011 2339 3055 velit
2380 3025 2549 3069 quoque
