2767 3489
1379 79 1434 132 26

454 209 755 275 dedignari
776 213 889 259 Dial.
912 212 967 272 II,
993 214 1057 272 13,
1080 213 1108 258 2
1135 213 1293 258 intueri
1324 214 1590 273 dedignatur.
1610 210 1816 272 (Verbum
1846 214 2069 270 poetarum
2101 215 2167 258 est
2193 216 2239 258 et
2262 226 2292 257 a
2311 208 2480 259 Seneca

339 300 381 340 et
412 296 564 342 Tacito
595 297 696 342 solis
728 311 761 342 c.
791 296 866 340 inf.
897 295 1104 352 conjungi
1134 294 1333 352 videtur.)

453 377 519 422 de
534 378 649 422 stin
663 390 755 421 are
773 377 851 433 Ep.
871 377 940 433 45,
964 378 985 420 1
1018 375 1104 432 qui,
1135 389 1218 431 quo
1239 374 1485 433 destinavit,
1516 374 1738 433 pervenire
1761 374 1864 419 vult.
1899 374 1955 431 (E
1977 373 2188 431 prioribus
2204 373 2299 430 jam
2315 374 2480 419 Caesar

341 461 384 500 et
414 457 564 501 Livius
594 458 656 501 sic
686 457 816 501 locuti
847 457 975 513 sunt.)

453 537 689 594 dignari
720 537 832 580 Dial.
863 536 918 593 X,
949 538 988 591 2,
1021 538 1048 580 5
1078 551 1162 580 non
1193 536 1343 580 audire
1375 536 1579 593 dignatus
1609 550 1667 579 es.
1726 535 1778 578 D.
1808 534 1908 592 XII,
1941 537 2008 593 10,
2034 536 2079 579 ⁴3.

451 617 696 660 fastidit
712 631 736 661 e
766 617 897 660 Glem.
928 616 961 673 Ι,
993 617 1061 671 21,
1090 618 1120 659 4
1148 615 1406 671 quibusdam
1436 616 1617 659 libenter
1647 628 1811 672 parcas,
1841 628 1869 658 a
1898 615 2154 671 quibusdam
2183 619 2226 660 te
2253 615 2477 661 vindicare

337 697 546 740 fastidias.
575 697 736 754 (Etiam
768 697 843 740 alii
875 697 937 740 sic
968 696 1143 740 verbum
1175 696 1425 739 fastidiendi
1454 699 1778 753 usurpaverunt,
1808 699 1855 739 ut
1885 695 1990 752 Liv,
2020 696 2189 741 Petnon.
2222 695 2365 754 ovid.)

452 778 670 834 gestire
700 778 813 821 Dial.
847 778 919 834 VI,
949 777 1017 834 23,
1049 778 1088 820 2.
1120 776 1196 834 ΙΧ,
1229 778 1265 833 1,
1301 776 1363 819 14.
1407 776 1505 832 XII,
1535 777 1575 831 4,
1607 776 1643 819 2.
1674 774 1823 832 (Haud
1847 775 2002 832 ignoro
2028 775 2278 820 Ciceronem
2309 790 2478 833 quoque

335 858 397 901 sic
429 857 509 901 hoc
539 857 716 901 verbum
748 857 1009 913 usurpasse.)

450 938 712 981 meditari
747 938 858 982 Dial.
892 938 962 995 IV,
993 939 1061 996 21,
1091 938 1119 982 5
1148 937 1380 982 meditatus
1411 937 1625 982 est—ire.
1685 937 1762 994 Ep.
1798 937 1890 995 121,
1920 937 1947 982 8
1978 936 2041 983 sic
2069 936 2226 994 infans,
2258 938 2332 994 qui
2360 942 2479 984 stare

334 1019 574 1062 meditatur.
607 1019 775 1076 (Cicero
808 1025 850 1062 et
879 1019 1023 1075 Nepos
1053 1019 1099 1062 id
1129 1018 1435 1076 praeiverunt.)

450 1113 833 1156 perseverare
879 1100 988 1142 Dial.
1021 1100 1052 1156 Ι,
1082 1101 1123 1156 4,
1158 1102 1221 1143 11.
1265 1099 1357 1156 VII,
1392 1100 1456 1156 18,
1488 1100 1525 1142 2.
1585 1099 1686 1141 Ben.
1718 1098 1751 1155 Ι,
1791 1099 1830 1157 2,
1858 1099 1900 1143 4.
1942 1099 1998 1156 II,
2032 1100 2096 1157 14,
2127 1100 2167 1144 2.
2210 1099 2281 1157 IV,
2325 1101 2391 1157 15,
2433 1101 2476 1146 4.

334 1180 405 1237 IV,
421 1180 490 1236 39,
512 1181 551 1223 2.
610 1180 687 1237 Ep.
711 1182 779 1237 29,
811 1182 848 1224 7.
881 1181 950 1237 36,
980 1181 1018 1223 3.
1048 1181 1118 1236 41,
1151 1182 1186 1223 1.
1218 1181 1286 1236 55,
1311 1181 1349 1223 2.
1379 1180 1448 1236 59,
1483 1181 1545 1224 12.
1579 1180 1645 1235 71,
1670 1179 1737 1224 35.
1775 1181 1868 1236 104,
1904 1182 1922 1223 1
1955 1185 1999 1224 et
2028 1181 2066 1224 3.
2095 1180 2280 1239 (Cicero,
2302 1181 2474 1238 Caesar,

336 1261 411 1303 alii
442 1274 611 1317 quoque
642 1274 738 1304 cum
768 1261 901 1320 infin.,
931 1260 1009 1305 sed
1039 1260 1172 1304 multo
1203 1259 1341 1304 rarius
1366 1259 1587 1317 jungunt.)

451 1355 732 1396 quaerere
765 1342 875 1385 Dial.
909 1342 986 1399 ΙΙΙ,
1022 1342 1086 1398 16,
1117 1341 1144 1383 3
1180 1340 1285 1384 mori
1323 1341 1506 1396 quaeris.
1565 1341 1642 1397 Ep.
1678 1341 1772 1397 109,
1804 1340 1841 1384 8.
1892 1342 1982 1399 118,
2014 1342 2051 1386 6.
2091 1341 2202 1400 (8011
2233 1346 2398 1399 poetae,
2436 1346 2483 1385 ut

336 1422 531 1479 Ovidius,
562 1437 659 1466 011111
688 1422 764 1465 ins.
796 1422 1100 1479 conjungunt.)

448 1504 499 1545 In
533 1517 584 1547 eo
615 1517 791 1546 numero
822 1502 1048 1547 referenda
1079 1514 1174 1545 esse
1206 1501 1408 1545 videntur
1438 1501 1566 1545 etiam
1597 1501 1704 1546 haec
1734 1501 1888 1546 verba:

452 1584 545 1626 adi
561 1598 698 1640 gere
747 1584 855 1626 Dial.
887 1584 957 1639 IV,
995 1584 1063 1639 36,
1110 1584 1137 1624 6
1175 1582 1402 1625 avaritiam
1440 1582 1715 1624 durissimum
1752 1583 1912 1625 malum
1954 1582 2261 1638 minimumque
2296 1582 2483 1626 flexibile

334 1663 400 1708 ira
426 1664 609 1708 calcavit
639 1663 797 1708 adacta
827 1678 930 1722 opes
960 1678 1061 1708 suas
1091 1677 1315 1720 spargere,
1345 1663 1440 1720 VII,
1465 1665 1528 1721 15,
1562 1665 1585 1707 7
1618 1663 1674 1707 ad
1706 1664 1786 1708 hoc
1816 1668 2130 1708 sacramentum
2161 1664 2304 1708 adacti
2336 1677 2481 1708 sumus

336 1745 447 1788 serre
478 1745 685 1788 mortalia.
721 1745 889 1801 (Livius
919 1750 960 1788 et
992 1744 1156 1788 Gellius
1186 1744 1381 1787 similiter
1411 1744 1669 1801 loquuntur.)

450 1825 692 1882 aggredi
724 1825 854 1868 Glem.
879 1826 911 1880 I,
934 1826 1002 1881 26,
1029 1829 1047 1868 1
1082 1824 1332 1869 exscindere
1363 1825 1559 1881 aggressi
1590 1829 1699 1868 sunt.
1730 1824 1878 1882 (Haud
1906 1824 2055 1882 ignom
2078 1824 2209 1869 etiam
2231 1825 2478 1870 Ciceronem

335 1905 512 1949 verbum
543 1906 605 1949 sic
636 1905 944 1962 usurpavisse.)

450 1986 792 2029 adsuescere
822 1987 900 2040 Ep.
923 1987 991 2040 94,
1024 1987 1092 2028 20.
1153 1986 1320 2040 (010010
1350 1998 1519 2038 quoque
1551 1985 1613 2026 sic
1635 1986 1799 2026 loeutus
1820 1989 1897 2044 est,
1928 1984 2005 2028 sed
2035 1985 2306 2044 participium
2328 1985 2482 2032 adsue-

332 2069 401 2111 tus
431 2065 511 2111 soli
542 2071 694 2123 poetae
726 2081 882 2121 eosque
910 2066 1101 2109 imitatus
1132 2066 1298 2109 Seneca
1332 2067 1441 2108 Dial.
1474 2067 1545 2121 VI,
1576 2068 1644 2122 23,
1675 2067 1702 2107 2
1731 2079 1828 2108 cum
1857 2067 1930 2109 inf.
1962 2067 2309 2126 conjunxerunt.)

451 2146 553 2191 abo
566 2146 669 2190 min
688 2147 771 2191 ari
802 2147 902 2191 Ben.
934 2147 1027 2201 VII,
1059 2149 1097 2203 8,
1128 2150 1142 2189 1
1178 2147 1297 2190 Haec
1330 2147 1532 2189 universa
1562 2147 1733 2204 habere,
1763 2147 1818 2189 de
1847 2147 2001 2203 quibus
2031 2148 2228 2204 loqueris,
2258 2147 2478 2193 abomina-

333 2226 456 2272 bitur.
498 2227 695 2285 (Praeter
729 2226 938 2271 Senecam
968 2228 1084 2271 solus
1116 2228 1377 2271 Prudentius
1409 2228 1471 2271 sic
1503 2227 1662 2270 dixisse
1693 2228 1890 2286 videtur.)

450 2313 675 2354 certare
698 2308 798 2352 Ben.
822 2309 854 2364 Ι,
876 2309 915 2364 9,
936 2309 966 2351 4
996 2309 1087 2351 Iam
1118 2314 1241 2364 rapta
1270 2297 1489 2365 spargere,
1521 2310 1997 2367 sparsa—recolligere
2027 2315 2201 2355 certant.
2234 2310 2478 2368 (Poetarum

332 2403 571 2434 sermonem
601 2390 792 2433 imitatus
825 2390 920 2446 est.)

448 2470 741 2515 desistere
777 2470 884 2514 Dial.
916 2469 988 2527 Vl,
1026 2471 1087 2526 13,
1119 2472 1158 2513 2.
1218 2471 1294 2526 Ep.
1327 2471 1395 2527 63,
1432 2471 1482 2513 12
1512 2470 1558 2513 id
1588 2470 1730 2514 facere
1762 2471 1933 2515 desiste.
1993 2472 2071 2529 Ep.
2107 2473 2200 2530 121,
2231 2474 2270 2516 4.
2309 2472 2478 2529 (Cicero

338 2565 506 2606 quoque
536 2565 633 2595 cum
662 2551 779 2595 infin.
805 2550 982 2608 Junxit.)

450 2632 795 2675 erubescere
829 2631 940 2676 Dial.
983 2632 1054 2687 VI,
1088 2633 1155 2688 25,
1186 2632 1224 2675 3.
1271 2632 1403 2675 Clem.
1438 2632 1501 2687 17,
1537 2633 1571 2675 1.
1622 2632 1697 2688 Ep.
1729 2632 1796 2689 25,
1828 2633 1865 2675 2.
1896 2634 1971 2690 50,
2000 2635 2040 2678 5.
2085 2634 2152 2690 76,
2191 2634 2219 2676 2
2249 2632 2307 2676 ad
2347 2632 2480 2689 philo-

336 2711 517 2766 sophum
547 2711 610 2754 ire
641 2712 922 2755 erubescam?
952 2712 1028 2768 Ep.
1051 2713 1120 2768 94,
1140 2713 1207 2754 57.
1238 2712 1400 2768 (Etiam
1423 2710 1520 2768 010,
1535 2711 1688 2770 Valet„
1714 2711 1839 2770 Max,
1863 2712 2036 2758 Curtius
2069 2713 2168 2758 huic
2204 2713 2334 2758 verbo
2364 2712 2501 2757 infin.-

338 2791 614 2847 adjungunt.)

445 2873 711 2928 gaudere
752 2874 864 2917 Dial.
898 2874 962 2929 Il,
1004 2874 1077 2928 13,
1108 2875 1136 2916 5
1174 2873 1333 2929 suspici
1371 2872 1573 2929 gaudeat.
1626 2873 1676 2931 V,
1706 2875 1754 2930 2,
1784 2874 1812 2917 6
1850 2874 2040 2930 gaudent
2078 2874 2208 2919 feriri.
2267 2874 2317 2932 V,
2347 2874 2416 2932 36,
2452 2874 2481 2917 4

336 2954 560 2997 admoneri
591 2954 728 2996 bonus
755 2954 929 3011 gaudet.
966 2953 1016 2995 N.
1041 2952 1091 3005 Q.
1116 2954 1194 3010 ΙΙΙ,
1223 2958 1257 3011 1,
1279 2955 1315 2998 7.
1348 2953 1425 3011 Ep.
1453 2955 1545 3011 102,
1572 2955 1634 2998 18.
1657 2954 1902 3012 (Poetarum
1920 2967 2156 2999 sermonem
2171 2954 2363 3000 imitat-us
2385 2956 2479 3014 est.)
