2767 3489
1355 90 1408 145 31

318 223 469 286 accepi
497 248 557 268 =
597 240 652 272 ne
692 241 720 272 a
757 226 929 272 Persico
967 228 1164 286 quidem3
1209 228 1260 271 N.
1292 227 1342 280 Q„
1383 228 1475 286 VII,
1513 229 1587 286 31,
1630 228 1657 270 2
1694 226 1853 271 colores
1894 224 2098 270 matronis
2143 222 2317 283 quidem
2366 239 2449 269 non

319 309 558 353 induendos
586 310 668 353 viri
698 310 924 366 sumimus3
968 309 1078 353 Dial.
1108 310 1186 364 IX,
1229 312 1293 367 17,
1323 311 1351 352 9
1381 309 1468 352 Sed
1497 324 1575 353 nec
1605 322 1735 365 saepe
1770 309 2013 355 iaciendum
2043 314 2120 365 est,
2149 308 2239 364 (cfr.
2270 309 2348 364 Ep.
2383 310 2450 364 66,

323 391 388 434 12.
416 390 485 448 90,
505 391 601 448 45);
632 390 685 434 de
706 390 835 434 Glem.
852 390 885 447 Ι,
915 391 955 447 5,
984 391 1013 433 4
1041 404 1123 434 nec
1152 389 1458 447 deprecaturus
1489 390 1673 447 quidem,
1703 390 1794 446 (cfr.
1824 390 1878 433 de
1909 390 2039 434 Clem.
2073 390 2104 446 I,
2133 390 2202 446 25,
2224 390 2262 432 5.
2295 389 2396 433 Βο11.
2417 389 2451 445 Ι,

320 471 361 529 4,
396 473 431 515 1.
460 470 509 529 V,
543 471 608 529 19,
639 472 677 516 7.
709 471 804 528 VII,
838 471 903 529 14,
927 471 963 515 6.
994 471 1088 529 VII,
1113 471 1178 528 18,
1211 471 1263 528 1).
1293 469 1457 523 Quibus
1487 470 1591 515 locis
1620 471 1765 514 nescio
1796 484 1850 514 an
1882 469 2106 514 addendus
2137 470 2192 514 sit
2221 468 2452 525 N.QV11‚

320 552 390 609 30,
409 552 450 609 5,
480 564 606 607 quem
636 552 775 595 locum
797 551 983 595 Haasius
1012 551 1182 608 optimis
1212 550 1427 594 codicibus
1458 551 1585 593 nixus
1606 550 1668 594 sic
1690 550 1904 594 exhibuit:
1935 549 2072 602 Quam
2095 551 2228 593 multa
2248 550 2453 593 animalia

319 632 401 675 hoc
430 632 614 689 primum
644 633 918 689 cognovimus
949 632 1140 675 saeculo!
1171 645 1300 687 quam
1331 632 1464 674 multa
1492 632 1668 688 negotia
1688 646 1743 674 ne
1764 632 1843 674 hoc
1865 632 2048 686 quidem.
2085 631 2220 674 Multa
2242 631 2452 674 venientis

322 712 419 755 aevi
449 713 630 769 populus
658 711 807 768 ignota
836 712 958 755 nobis
988 712 1102 755 sciet.
1140 711 1382 768 Fickertus,
1420 712 1505 768 qui,
1545 712 1741 766 quamvis
1772 712 1910 754 locum
1946 711 2045 766 jure
2085 711 2258 754 minime
2298 725 2449 754 sanum

320 805 418 836 esse
450 791 630 849 judicet,
673 793 835 835 acriore
864 796 1007 835 tamen
1047 791 1261 835 medicina
1302 804 1405 834 usus
1446 796 1524 848 est,
1565 790 1721 834 edidit:
1767 791 1905 843 Quam
1952 791 2088 834 multa
2128 791 2331 834 animalia
2371 791 2450 835 1100

315 871 501 928 >primum
531 871 807 930 eognovimus
838 872 1041 916 saeculo?
1084 875 1127 915 et
1157 871 1330 927 quidem
1360 871 1494 915 multa
1532 871 1743 915 venientis
1786 871 1883 915 aevi
1926 871 2107 928 populus
2145 870 2294 928 ignota
2331 870 2451 914 nobis

321 952 439 997 sciet.
497 951 604 996 Mihi
633 951 806 1008 quidem
834 952 951 997 100118
981 965 1066 996 11011
1094 951 1157 996 113
1186 951 1371 996 difficilis
1402 951 1458 996 ad
1479 951 1791 997 emendandum
1822 965 1916 996 esse
1948 951 2126 995 videtur.
2188 951 2299 995 Nam
2321 965 2450 1007 quum

324 1033 493 1077 Seneca
521 1037 609 1077 toto
639 1034 730 1077 loco
759 1032 806 1076 id
834 1036 948 1090 agat,
978 1037 1024 1076 ut
1054 1032 1323 1090 demonstret,
1367 1033 1522 1076 multas
1553 1037 1697 1089 partes
1728 1032 1875 1075 mundi
1905 1032 2047 1076 adhuc
2077 1032 2210 1076 latere
2240 1046 2318 1076 nec
2348 1032 2452 1075 satis

322 1118 445 1158 110138
471 1127 579 1173 esse,
609 1114 686 1158 sed
715 1114 856 1158 futuro
886 1118 1073 1170 tempore
1104 1113 1148 1157 in
1178 1114 1316 1158 lucem
1345 1113 1556 1171 prolatum
1585 1114 1639 1157 iri
1668 1127 1849 1170 cumque
1879 1113 2193 1158 confirmandae
2215 1113 2451 1158 sententiae

324 1209 457 1239 causa
485 1196 724 1252 exemplum
764 1195 1011 1238 animalium
1051 1195 1213 1252 afferat,
1263 1209 1442 1249 quorum
1483 1195 1569 1238 alia
1605 1195 1679 1238 illo
1721 1196 1892 1239 saeculo
1928 1196 2109 1252 primum
2141 1195 2324 1252 cognita,
2367 1195 2454 1238 alia

325 1275 469 1320 adhuc
497 1275 717 1333 incognita
744 1290 838 1320 esse
871 1275 986 1332 dicit,
1030 1281 1209 1332 apparet
1238 1276 1415 1319 verbum
1444 1275 1668 1333 „negotia“
1699 1276 1754 1319 ab
1784 1276 1857 1319 illo
1888 1277 1978 1320 loco
2009 1276 2316 1320 alienissimum
2346 1289 2450 1319 esse.

324 1354 556 1409 Quaerenti
585 1361 727 1401 autem
757 1356 874 1415 1111111,
903 1356 1017 1400 1111ᾶο
1044 1356 1162 1400 istud
1192 1356 1447 1400 vocabulum
1476 1356 1521 1399 in
1552 1356 1666 1400 hunc
1695 1357 1834 1401 locum
1864 1356 2092 1415 irrepserit,
2134 1356 2291 1414 duplex
2324 1357 2453 1413 hujus

321 1437 584 1492 quaestionis
612 1437 842 1481 solvendae
874 1438 981 1480 ratio
1019 1437 1234 1494 proposita
1274 1441 1348 1481 est.
1415 1438 1556 1493 Atque
1594 1441 1722 1480 antea
1761 1438 1865 1480 mihi
1904 1438 2136 1482 verisimile
2178 1452 2272 1481 esse
2313 1439 2451 1482 visum

322 1522 386 1562 est
408 1517 615 1562 Senecam
644 1518 832 1562 edidisse
863 1532 966 1562 nec
997 1519 1061 1562 ho
1076 1532 1111 1576 0,
1143 1517 1268 1574 cujus
1297 1518 1388 1562 loco
1419 1532 1514 1562 cum
1544 1518 1742 1561 librarius
1772 1518 1947 1574 quidam
1969 1519 2208 1575 scripsisset
2238 1520 2454 1576 negotia

322 1599 403 1644 1100
433 1600 609 1644 verbum
639 1600 684 1643 in
712 1604 833 1644 textu
860 1599 990 1643 etiam
1019 1604 1108 1643 tum
1146 1599 1337 1644 relictum
1378 1612 1472 1643 esse
1514 1600 1730 1657 putabam,
1774 1613 1869 1643 cum
1911 1599 2175 1656 supplendae
2215 1601 2451 1645 sententiae

323 1693 455 1725 causa
473 1694 551 1739 „ne
573 1680 677 1725 hoc“
699 1680 892 1725 additum
922 1684 1043 1724 esset.
1096 1680 1185 1725 Nec
1215 1680 1384 1724 silentio
1415 1680 1771 1737 praetereundum
1803 1685 1878 1738 est,
1910 1690 2055 1726 vocem
2086 1681 2226 1739 „nec“,
2258 1696 2386 1738 quam
2407 1682 2451 1725 in

322 1762 460 1806 locum
493 1761 728 1819 particulae
745 1761 851 1820 „ne“
872 1761 1081 1820 substitui,
1110 1761 1274 1821 insscod.
1299 1761 1388 1806 Pal.
1405 1764 1434 1806 4
1463 1766 1643 1820 exstare,
1672 1762 1717 1805 in
1746 1776 1830 1818 quo
1860 1763 1977 1807 locus
2006 1763 2079 1807 ille
2112 1763 2174 1807 sic
2205 1763 2452 1808 exhibetur:

324 1844 507 1901 83001110,
550 1857 678 1899 quam
714 1843 850 1887 multa
877 1843 1058 1901 negocia
1086 1856 1166 1887 nec
1196 1843 1368 1899 quidem
1398 1843 1478 1888 hoc
1507 1843 1642 1887 multa
1672 1844 1854 1887 saeculis
1894 1850 1995 1888 tunc
2034 1843 2198 1888 futuris.
2259 1845 2325 1889 Ne
2356 1846 2452 1902 quis

323 1937 425 1968 vcro
465 1923 707 1968 offendatur
744 1924 886 1968 verbis
931 1923 1153 1982 „quidem“
1183 1929 1225 1968 et
1261 1923 1390 1982 „nee“
1419 1924 1669 1982 conjunctis,
1704 1925 1934 1968 tenendum
1977 1930 2042 1969 est
2072 1926 2281 1970 Senecam
2325 1927 2452 1970 etiam

326 2004 423 2048 aliis
453 2004 673 2061 particulis
704 2009 747 2048 et
776 2005 989 2048 adverbiis
1018 2005 1193 2048 verbum
1223 2004 1446 2061 „quidem“
1476 2004 1635 2048 addere
1668 2005 1813 2048 solere.
1890 2006 2000 2048 Nam
2030 2011 2201 2061 praeter
2231 2007 2452 2049 formulam

324 2084 456 2142 illam,
486 2097 613 2140 quam
642 2097 775 2141 supra
804 2083 1224 2129 commemoravimus
1253 2084 1441 2142 „utinam
1471 2083 1679 2142 quidem“,
1711 2085 1838 2128 etiam
1870 2085 1935 2129 his
1963 2086 2106 2130 verbis
2137 2086 2329 2130 additum
2370 2092 2453 2130 est:

325 2166 590 2222 quoniam
632 2166 733 2223 (cfr.
764 2166 815 2209 N.
848 2164 896 2217 Q.
927 2165 997 2223 VI,
1028 2166 1067 2222 2,
1114 2168 1130 2209 1
1177 2165 1270 2222 Ego
1307 2179 1407 2209 vero
1449 2166 1526 2209 hoc
1566 2165 1707 2222 ipsum
1737 2166 1877 2209 solatii
1913 2167 2005 2211 1000
2043 2181 2153 2223 110110
2188 2173 2230 2211 et
2279 2168 2448 2223 quidem

324 2245 616 2304 valentissimi,
646 2246 845 2302 quoniam
877 2246 1049 2302 quidem
1079 2245 1172 2290 sine
1202 2245 1376 2290 renedio
1406 2245 1530 2290 timor
1560 2246 1701 2290 stultis
1731 2251 1809 2304 est,
1840 2246 1935 2303 (Ep.
1955 2248 2023 2304 26,
2050 2249 2083 2291 1.
2118 2248 2184 2305 29,
2205 2249 2242 2291 8.
2273 2249 2341 2304 45,
2370 2249 2451 2305 11),

327 2324 597 2382 quamdiu
627 2326 850 2382 quidem
882 2326 1014 2384 (Dial.
1035 2325 1127 2384 VII,
1159 2330 1193 2384 1,
1223 2325 1280 2383 2),
1311 2331 1540 2371 ceterum
1570 2327 1789 2382 quidem
1820 2327 1948 2383 (Dial.
1981 2328 2033 2384 X,
2056 2328 2094 2385 2,
2117 2328 2171 2385 2).
2223 2327 2309 2371 Sed
2338 2342 2451 2373 nunc

326 2405 432 2450 mihi
462 2405 549 2451 alia
577 2406 659 2452 loci
690 2406 946 2452 emendandi
975 2406 1083 2451 ratio
1113 2406 1395 2464 praeferenda
1423 2421 1516 2452 esse
1537 2406 1713 2451 videtur.
1774 2406 1980 2451 Senecam
2006 2414 2105 2464 puto
2127 2408 2188 2451 ita
2209 2408 2453 2464 scripsisse:

325 2487 490 2544 „Quam
511 2488 646 2531 multa
668 2487 871 2531 animalia
891 2488 972 2531 hoc
1001 2487 1184 2543 primum
1214 2487 1489 2544 cognovimus
1518 2489 1710 2531 saeculo!
1753 2502 1881 2543 quam
1911 2489 2043 2530 multa
2074 2503 2126 2531 ne
2158 2489 2237 2532 hoc
2268 2490 2452 2544 quidem.

325 2567 463 2613 Multa
489 2568 665 2625 negotia
693 2568 902 2613 venientis
933 2568 1028 2612 aevi
1059 2568 1241 2625 populus
1270 2568 1419 2626 ignota
1447 2567 1567 2612 nobis
1606 2569 1722 2613 sciet.
1755 2569 1889 2612 multa
1927 2569 2108 2613 saeculis
2145 2575 2247 2613 tunc
2288 2570 2454 2629 futuris,

327 2663 424 2694 cum
464 2650 668 2694 memoria
712 2649 844 2693 nostri
880 2650 1130 2706 exoleverit,
1181 2649 1490 2694 reservantur.“
1565 2649 1706 2693 Verba
1742 2663 1819 2706 „ne
1861 2649 1938 2693 hoc
1976 2650 2158 2705 quidem.
2228 2651 2388 2696 1111113(ι
2429 2667 2456 2696 a

326 2729 500 2775 librario
531 2729 727 2787 quodam,
757 2729 881 2786 cujus
912 2729 1021 2774 oculi
1052 2744 1079 2774 a
1108 2729 1246 2786 priore
1277 2730 1459 2787 „multa“
1488 2729 1546 2773 ad
1575 2730 1785 2786 posterius
1816 2730 2077 2787 aberrarunt,
2118 2731 2278 2776 omissa
2307 2739 2456 2790 postea

328 2824 427 2868 non,
456 2814 504 2854 ut
530 2809 621 2855 fieri
652 2810 846 2868 debebat,
876 2815 975 2855 ante
1004 2809 1235 2867 „negotia,“
1266 2809 1342 2854 sed
1372 2814 1467 2867 post
1498 2810 1575 2854 1100
1606 2810 1781 2854 verbum
1811 2810 1972 2855 inserta
2001 2817 2110 2856 sunt.

441 2891 539 2936 Jam
568 2906 669 2936 vero
699 2891 947 2949 particulae,
985 2905 1063 2948 per
1100 2904 1207 2946 quas
1245 2895 1319 2934 aut
1358 2890 1495 2934 simile
1531 2891 1697 2947 aliquid
1726 2896 1801 2935 aut
1831 2893 2073 2949 exemplum
2104 2893 2331 2952 inducitur,
2374 2895 2456 2938 hae

326 2972 417 3018 fere
446 2977 615 3031 praeter
643 2977 838 3031 receptas
868 2971 983 3030 apud
1013 2971 1221 3017 Senecam
1249 2971 1542 3016 inveniuntur:
1584 2987 1608 3017 0
1624 2987 1647 3017 0
1662 2987 1688 3016 u
1700 3008 1711 3032 ,
1750 2986 1833 3028 quo
1871 2979 2022 3031 poetae
2052 2975 2132 3018 soli
2161 2975 2228 3019 usi
2259 2980 2358 3020 sunt
2387 2976 2457 3036 (N.
