2767 3489
1365 69 1393 125 6

309 200 497 260 profuit:
544 216 697 261 parum
729 209 796 249 est
825 205 1055 262 profuisse,
1105 206 1191 250 nisi
1225 206 1373 251 voluit.
1430 208 1484 252 N.
1516 207 1566 260 Q.
1598 208 1671 251 lv.
1701 209 1844 253 Praef.
1880 211 1933 255 16
1963 206 2104 256 utrum
2149 205 2287 253 satius
2331 211 2448 254 esset

311 297 380 329 me
409 284 561 342 perire
592 299 671 344 pro
701 284 786 331 fide
818 300 874 331 an
895 286 1023 332 fidem
1044 302 1123 346 pro
1153 302 1234 333 me.
1294 289 1374 347 Ep.
1400 291 1467 346 12,
1500 291 1555 336 lo
1583 289 1672 335 Sed
1692 290 1735 334 in
1758 291 2018 337 necessitate
2040 292 2187 337 vivere
2208 288 2447 336 necessitas

309 365 429 410 nulla
459 369 536 411 est.
602 367 680 425 Ep.
710 368 780 423 53,
810 369 838 412 8
869 367 1026 425 dignus
1057 369 1134 414 illa
1165 384 1225 428 es,
1256 371 1334 416 illa
1363 371 1499 429 digna
1527 375 1570 415 te
1600 376 1677 416 est
1736 372 1816 430 Ep.
1848 372 1918 431 69,
1948 373 1977 418 6
2005 373 2188 419 interest
2216 372 2338 429 nibil,
2367 371 2446 416 illa

309 446 462 504 (mors)
492 448 550 492 ad
578 462 657 492 nos
686 449 836 493 veniat
864 463 921 493 an
950 450 1010 495 ad
1040 451 1159 495 illam
1189 466 1280 497 nos.
1343 454 1410 510 Ep
1441 455 1510 508 81,
1542 454 1598 497 29
1615 458 1660 497 et
1686 466 1784 497 cum
1801 453 2067 509 singulorum
2086 466 2207 498 error
2225 452 2445 512 publicum

310 527 475 585 feeerit,
503 528 774 585 singulorum
806 544 998 575 errorem
1028 531 1134 576 facit
1163 532 1375 590 publicus.
1435 534 1513 591 Ep.
1545 535 1613 591 86,
1647 535 1674 579 3
1720 538 1768 579 ut
1811 538 1887 579 aut
1915 534 2096 580 libertas
2127 533 2322 592 Scipioni
2372 536 2448 578 aut

311 608 459 665 Scipio
490 609 683 654 libertati
713 610 878 657 faceret
909 611 1125 667 injuriam.
1204 613 1282 670 Ep.
1316 615 1385 670 87,
1416 615 1444 658 2
1475 615 1633 659 culcita
1674 615 1718 659 in
1748 619 1868 659 terra
1890 614 2023 671 jacet,
2068 627 2151 671 ego
2188 614 2233 659 in
2275 613 2445 658 culcita.

310 689 390 745 Ep.
423 691 493 744 90,
523 691 602 735 35:
632 690 758 746 cujus
788 691 870 736 hoc
899 693 1086 749 pretium
1117 697 1195 750 est,
1226 707 1312 738 non
1342 707 1471 751 posse
1502 695 1643 752 pretio
1673 694 1784 753 capi.
1845 693 1932 739 Csr.
1963 694 2040 752 Ep.
2057 695 2127 752 88,
2163 694 2231 738 44.
2277 694 2347 749 93,
2382 693 2447 737 10.

310 768 379 825 94,
412 770 449 814 7.
498 770 567 827 98,
596 772 637 816 9.
682 772 777 827 104,
812 774 865 817 13
895 776 939 817 et
970 774 1039 819 26.
1103 775 1197 831 117,
1228 774 1275 818 21
1314 779 1358 820 θῖ
1387 776 1455 820 33.
2326 797 2332 803 ⁴

427 850 526 895 Jam
556 864 662 896 vero
709 851 944 909 anaphora,
989 867 1101 909 quae
1149 853 1318 911 dicitur,
1336 854 1518 899 'Seneca
1548 869 1644 899 cum
1675 856 1780 899 alibi
1810 859 1900 899 tum
1931 854 2117 899 maxime
2147 855 2194 899 in
2223 855 2288 900 eis
2317 854 2449 913 parti-

313 930 393 976 bus
423 931 629 977 librorum
647 946 820 978 suorum
845 947 947 978 usus
963 937 1041 990 est,
1066 935 1109 978 in
1128 934 1284 990 quibus
1306 936 1362 980 ab
1384 950 1448 992 ea,
1471 936 1527 980 de
1549 951 1636 992 qna
1656 936 1811 993 agitur,
1838 951 1884 981 re
1906 935 2152 992 digreditur
2183 950 2449 980 communem

314 1013 454 1057 locum
496 1018 772 1072 tractaturus,
813 1015 858 1058 id
899 1014 1015 1070 quod
1060 1016 1103 1060 in
1144 1018 1488 1073 praefationibus
1530 1022 1573 1061 et
1619 1018 1805 1074 epilogis
1836 1017 2106 1060 Naturalium
2149 1017 2449 1072 quaestionum

313 1097 402 1137 tam
432 1099 681 1138 constanter
703 1094 762 1150 fit,
794 1100 841 1138 ut
862 1097 1053 1140 Haasius
1084 1098 1293 1141 Senecam
1326 1098 1443 1140 dicat
1477 1098 1617 1141 videri
1648 1111 1777 1153 posse
1808 1098 1926 1154 ipsos
1956 1097 2090 1140 libros
2133 1097 2451 1153 praefationum

314 1177 359 1217 et
400 1174 668 1230 epilogorum
716 1188 850 1220 causa
879 1177 1117 1233 scripsisse.
1180 1178 1265 1221 Cfr.
1299 1179 1350 1220 N.
1382 1178 1432 1229 Q.
1471 1179 1544 1220 lib.
1576 1179 1655 1231 III,
1687 1178 1826 1220 Praef.
1861 1178 2042 1231 10—16,
2084 1177 2157 1219 ubi
2201 1177 2336 1230 quid
2365 1180 2452 1219 est

315 1253 689 1311 praecipuum
721 1255 784 1313 (in
816 1256 945 1300 rebus
975 1257 1194 1317 humanis)
1223 1259 1386 1316 septies
1418 1272 1496 1315 per
1526 1258 1793 1315 anaphoram
1825 1257 2046 1315 repetitur.
2106 1257 2222 1302 Dial.
2256 1257 2334 1313 111,
2356 1257 2396 1314 2,
2413 1257 2450 1300 2.

316 1334 390 1388 IV,
422 1334 490 1390 31,
521 1336 560 1378 5.
620 1337 697 1392 Ep.
729 1338 798 1392 94,
828 1338 885 1381 53
917 1343 961 1381 θῖ
989 1339 1046 1381 54
1077 1343 1120 1382 θῖ
1150 1340 1217 1382 63.
1279 1339 1355 1395 Ep.
1386 1340 1455 1395 95,
1486 1340 1524 1382 5.
1587 1339 1665 1394 Ep.
1698 1340 1767 1394 97,
1801 1340 1865 1381 11.
1928 1338 2004 1393 Ep.
2040 1337 2135 1393 123,
2165 1337 2203 1379 2.
2272 1336 2453 1380 Praeter

316 1417 484 1458 ceteros
522 1419 667 1460 autem
708 1416 826 1461 locos
866 1418 1094 1463 cumulatis
1133 1418 1262 1473 hujus
1301 1418 1468 1474 figurae
1509 1418 1720 1475 exemplis
1763 1418 1948 1473 insignis
1995 1421 2063 1461 est
2109 1417 2309 1473 epilogus
2351 1415 2453 1460 libri

316 1494 488 1550 septimi
520 1495 575 1540 de
596 1496 783 1542 Benefic.
813 1496 867 1555 (c.
892 1499 1095 1555 27—32).
1157 1499 1393 1556 Anaphora
1434 1503 1477 1543 et
1506 1499 1718 1555 epiphora
1756 1498 2013 1554 conjunctae
2043 1501 2143 1542 sunt
2173 1497 2252 1553 Ep.
2283 1497 2353 1553 92,
2381 1497 2452 1542 22.

316 1575 646 1620 Personificatio
687 1577 798 1633 legis
837 1582 981 1622 exstat
1012 1579 1125 1624 Dial.
1158 1580 1236 1635 ΙΙΙ,
1273 1581 1337 1635 16,
1370 1581 1417 1624 6:
1465 1578 1610 1630 Quid?
1641 1579 1719 1623 tibi
1750 1579 1820 1623 lex
1851 1578 2025 1622 videtur
2065 1576 2195 1620 irasci
2235 1576 2309 1632 iis,
2345 1589 2454 1631 quos

318 1668 402 1700 non
446 1656 579 1712 novit,
622 1671 731 1713 quos
772 1672 857 1702 non
887 1659 1010 1715 vidit,
1053 1673 1160 1714 quos
1200 1674 1285 1703 non
1330 1659 1497 1703 futuros
1537 1659 1718 1716 sperat?
1762 1659 1880 1702 illius
1920 1658 2068 1713 itaque
2114 1655 2349 1700 sumendus
2389 1659 2455 1699 est

316 1735 501 1791 animus,
530 1751 644 1792 quae
675 1753 760 1782 non
790 1738 1005 1796 irascitur,
1049 1739 1126 1783 sed
1158 1740 1391 1784 constitnit.
1453 1741 1589 1783 Paulo
1620 1744 1721 1782 ante
1752 1740 1920 1782 Seneca
1962 1738 2094 1781 dixit:
2133 1736 2367 1793 procedam
2397 1760 2456 1767 —

315 1815 436 1860 voltu
466 1815 589 1872 legis.

432 1896 637 1953 Figurae,
668 1899 736 1941 cui
777 1912 933 1943 nomen
980 1895 1075 1943 ἀπὸ
1105 1900 1258 1943 κοινοῦ
1303 1904 1382 1954 est,
1426 1899 1647 1955 complura
1686 1898 1886 1954 exempla
1930 1897 2220 1951 inveniuntur,
2250 1896 2370 1939 velut
2399 1894 2454 1938 de

318 1976 420 2019 Ben.
451 1977 485 2032 I,
519 1978 584 2033 15,
620 1979 639 2020 l
673 1990 759 2032 quo
788 1978 915 2035 plura
953 1977 1200 2036 (beneficia)
1231 1978 1489 2034 {majoraque
1530 1977 1700 2034 fuerint,
1737 1977 1834 2034 plus
1874 1975 2057 2021 afferent
2097 1974 2254 2029 laudis,
2296 1973 2370 2018 ubi
2400 1986 2456 2017 ex

318 2056 456 2112 „quo“
487 2058 592 2113 „eo“
626 2058 913 2115 supplendum
955 2063 1034 2115 est,
1078 2059 1193 2115 quod
1233 2062 1390 2116 poetae
1432 2058 1723 2115 praeiverunt,
1765 2061 1812 2102 nt
1855 2056 2038 2101 Ovidius
2068 2056 2169 2100 Met.
2213 2055 2331 2109 VIII,
2371 2053 2456 2098 834

317 2136 507 2190 Plusque
539 2138 670 2192 cupit,
702 2150 787 2191 quo
829 2138 956 2195 plura
998 2150 1120 2181 suam
1162 2137 1350 2180 demittit
1382 2137 1423 2179 in
1456 2138 1598 2181 alvum
1631 2137 1725 2194 (cfr.
1757 2137 1842 2181 838
1873 2140 1916 2180 et
1947 2136 2060 2193 839).
2121 2134 2226 2179 Ben.
2258 2133 2314 2190 II,
2339 2133 2406 2177 27.
2428 2132 2455 2176 3

316 2219 361 2257 et
392 2214 560 2269 majora
587 2216 795 2272 cupimus,
839 2230 923 2272 quo
954 2217 1119 2272 majora
1151 2221 1370 2261 venerunt.
1433 2216 1778 2261 Homoeotelcuti
1824 2228 1954 2259 unum
1986 2214 2229 2270 exemplum
2260 2211 2455 2256 invenire

316 2307 385 2337 me
427 2295 616 2350 memini,
658 2296 771 2340 Dial.
806 2297 883 2351 ΙΙΙ,
929 2297 994 2352 11,
1036 2298 1062 2340 8
1121 2296 1204 2339 Illa
1241 2296 1483 2339 certissima
1519 2300 1586 2340 est
1629 2296 1791 2352 virtus,
1833 2308 1946 2351 quae
1986 2307 2033 2338 se
2074 2293 2149 2337 diu
2191 2292 2456 2347 multumque

316 2375 660 2431 circumspexit
690 2380 735 2418 et
765 2375 911 2418 rexit
941 2380 985 2418 et
1015 2389 1069 2418 ex
1100 2376 1216 2419 lento
1247 2389 1298 2419 ac
1329 2375 1545 2419 destinato
1577 2375 1842 2433 provexit.

433 2455 614 2499 Praeter
656 2455 768 2500 hanc
807 2454 1081 2499 declamandi
1123 2456 1423 2514 cupiditatem,
1463 2456 1548 2500 nisi
1588 2455 1737 2511 fallor,
1780 2455 1911 2500 etiam
1950 2458 2174 2512 poetarum
2217 2423 2457 2496 imitatione

317 2537 477 2580 factum
518 2540 596 2591 est,
640 2541 686 2580 ut
715 2535 910 2580 Senecae
947 2536 1140 2579 latinitas
1184 2537 1360 2580 multum
1392 2550 1419 2579 a
1461 2536 1679 2593 prioribus
1718 2549 1874 2593 prosae
1913 2535 2121 2579 orationis
2172 2531 2456 2589 scriptoribus

316 2616 524 2659 differret.
588 2616 930 2672 Diligentissime
970 2621 1114 2659 autem
1146 2629 1240 2658 eum
1274 2621 1425 2672 poetas
1465 2616 1625 2671 legisse
1656 2616 1725 2659 vel
1756 2615 1859 2659 inde
1888 2627 2149 2671 cognoscere
2192 2613 2307 2667 licet,
2340 2611 2456 2667 quod

316 2695 524 2753 plurimos
564 2697 683 2740 locos
712 2709 737 2739 e
769 2696 956 2752 Tibullo,
991 2696 1171 2739 Horatio
1213 2700 1255 2739 et
1297 2696 1532 2753 praecipue
1573 2709 1628 2739 ex
1668 2694 1827 2740 Ovidio
1869 2699 1913 2739 et
1945 2693 2137 2751 Vergilio
2176 2692 2455 2750 depromptos

316 2776 440 2820 libris
479 2777 570 2820 suis
613 2776 796 2820 inseruit
834 2776 1036 2831 quodque
1078 2776 1172 2832 ipse
1204 2777 1283 2832 Ep.
1316 2778 1384 2830 58,
1415 2778 1443 2819 5
1482 2776 1587 2819 dicit
1620 2775 1856 2832 Vergilium
1900 2774 2060 2818 cotidie
2098 2772 2256 2817 excuti.
2316 2770 2456 2823 Quae-

317 2856 511 2900 rentibus
532 2857 669 2913 nobis,
701 2856 807 2913 quid
822 2855 989 2900 Seneca
1011 2870 1065 2899 ex
1098 2860 1321 2912 poetarum
1345 2869 1541 2899 sermone
1565 2856 1608 2898 in
1631 2869 1753 2899 usum
1777 2868 1900 2899 suum
1923 2852 2198 2909 converterit,
2228 2854 2458 2894 occurrunt

315 2950 401 2982 non
433 2937 569 2984 solum
601 2937 749 2993 multa,
791 2950 903 2997 quae
945 2937 989 2979 in
1030 2935 1330 2980 construendis
1363 2935 1505 2978 verbis
1552 2940 1704 2995 poetas
1745 2934 1939 2979 imitatus
1978 2932 2168 2988 novavit,
2209 2928 2288 2975 sed
2328 2929 2459 2974 etiam
