<?xml version="1.0" encoding="UTF-8"?>
<!DOCTYPE html PUBLIC "-//W3C//DTD XHTML 1.0 Transitional//EN"
    "http://www.w3.org/TR/xhtml1/DTD/xhtml1-transitional.dtd">
<html xmlns="http://www.w3.org/1999/xhtml" xml:lang="en" lang="en">
 <head>
  <title>
</title>
<meta http-equiv="Content-Type" content="text/html;charset=utf-8" />
  <meta name='ocr-system' content='tesseract 3.04.00' />
  <meta name='ocr-capabilities' content='ocr_page ocr_carea ocr_par ocr_line ocrx_word'/>
</head>
<body>
  <div class='ocr_page' id='page_1' title='image "4766876_0022.png"; bbox 0 0 2767 3489; ppageno 0'>
   <div class='ocr_carea' id='block_1_1' title="bbox 1342 123 1396 166">
    <p class='ocr_par' dir='ltr' id='par_1_1' title="bbox 1342 123 1396 166">
     <span class='ocr_line' id='line_1_1' title="bbox 1342 123 1396 166; baseline 0 0"><span class='ocrx_word' id='word_1_1' title='bbox 1342 123 1396 166; x_wconf 80' lang='lat'><strong>14</strong></span> 
     </span>
    </p>
   </div>
   <div class='ocr_carea' id='block_1_2' title="bbox 278 245 2463 3042">
    <p class='ocr_par' dir='ltr' id='par_1_2' title="bbox 284 245 2463 1752">
     <span class='ocr_line' id='line_1_2' title="bbox 291 245 2463 306; baseline 0.001 -17"><span class='ocrx_word' id='word_1_2' title='bbox 291 261 370 303; x_wconf 84' lang='lat' dir='ltr'><strong>per</strong></span> <span class='ocrx_word' id='word_1_3' title='bbox 414 245 561 303; x_wconf 85' lang='lat' dir='ltr'><strong>„esse“</strong></span> <span class='ocrx_word' id='word_1_4' title='bbox 599 250 644 290; x_wconf 90' lang='lat' dir='ltr'><strong>et</strong></span> <span class='ocrx_word' id='word_1_5' title='bbox 694 245 788 303; x_wconf 87' lang='lat' dir='ltr'><strong>„in“</strong></span> <span class='ocrx_word' id='word_1_6' title='bbox 825 246 1028 291; x_wconf 83' lang='lat' dir='ltr'><strong>formatas</strong></span> <span class='ocrx_word' id='word_1_7' title='bbox 1069 247 1307 291; x_wconf 87' lang='lat' dir='ltr'><strong>locutiones</strong></span> <span class='ocrx_word' id='word_1_8' title='bbox 1350 252 1521 293; x_wconf 85' lang='lat' dir='ltr'><strong>exstare</strong></span> <span class='ocrx_word' id='word_1_9' title='bbox 1551 247 1671 291; x_wconf 74' lang='lat' dir='ltr'><strong>velut</strong></span> <span class='ocrx_word' id='word_1_10' title='bbox 1712 248 1765 291; x_wconf 77' lang='lat' dir='ltr'><strong>in</strong></span> <span class='ocrx_word' id='word_1_11' title='bbox 1811 248 1994 306; x_wconf 80' lang='lat' dir='ltr'><strong>facili,</strong></span> <span class='ocrx_word' id='word_1_12' title='bbox 2040 250 2095 293; x_wconf 90' lang='lat' dir='ltr'><strong>in</strong></span> <span class='ocrx_word' id='word_1_13' title='bbox 2138 252 2311 304; x_wconf 76' lang='lat' dir='ltr'><strong>aequo</strong></span> <span class='ocrx_word' id='word_1_14' title='bbox 2342 253 2463 294; x_wconf 48' lang='lat' dir='ltr'><strong>&#39;esna</strong></span> 
     </span>
     <span class='ocr_line' id='line_1_3' title="bbox 292 325 2454 387; baseline 0.002 -18"><span class='ocrx_word' id='word_1_15' title='bbox 292 328 450 370; x_wconf 87' lang='lat' dir='ltr'><strong>Verum</strong></span> <span class='ocrx_word' id='word_1_16' title='bbox 479 340 628 370; x_wconf 86' lang='lat' dir='ltr'><strong>earum</strong></span> <span class='ocrx_word' id='word_1_17' title='bbox 656 326 916 371; x_wconf 91' lang='lat' dir='ltr'><strong>locutionum</strong></span> <span class='ocrx_word' id='word_1_18' title='bbox 947 326 1061 370; x_wconf 87' lang='lat' dir='ltr'><strong>infra</strong></span> <span class='ocrx_word' id='word_1_19' title='bbox 1089 327 1250 371; x_wconf 87' lang='lat' dir='ltr'><strong>mentio</strong></span> <span class='ocrx_word' id='word_1_20' title='bbox 1279 325 1353 371; x_wconf 81' lang='lat' dir='ltr'><strong>fiet</strong></span> <span class='ocrx_word' id='word_1_21' title='bbox 1381 327 1428 372; x_wconf 92' lang='lat' dir='ltr'><strong>in</strong></span> <span class='ocrx_word' id='word_1_22' title='bbox 1456 327 1600 372; x_wconf 86' lang='lat' dir='ltr'><strong>indice</strong></span> <span class='ocrx_word' id='word_1_23' title='bbox 1628 341 1778 372; x_wconf 86' lang='lat' dir='ltr'><strong>earum</strong></span> <span class='ocrx_word' id='word_1_24' title='bbox 1798 327 2052 387; x_wconf 74' lang='lat' dir='ltr'><strong>dictionum,</strong></span> <span class='ocrx_word' id='word_1_25' title='bbox 2084 343 2198 385; x_wconf 85' lang='lat' dir='ltr'><strong>quae</strong></span> <span class='ocrx_word' id='word_1_26' title='bbox 2217 342 2271 373; x_wconf 89' lang='lat' dir='ltr'><strong>ex</strong></span> <span class='ocrx_word' id='word_1_27' title='bbox 2290 329 2454 373; x_wconf 83' lang='lat' dir='ltr'><strong>neutris</strong></span> 
     </span>
     <span class='ocr_line' id='line_1_4' title="bbox 287 406 2449 467; baseline 0.002 -16"><span class='ocrx_word' id='word_1_28' title='bbox 287 406 603 464; x_wconf 73' lang='lat' dir='ltr'><strong>adjectivorum</strong></span> <span class='ocrx_word' id='word_1_29' title='bbox 644 410 687 450; x_wconf 87' lang='lat' dir='ltr'><strong>et</strong></span> <span class='ocrx_word' id='word_1_30' title='bbox 723 406 1123 463; x_wconf 56' lang='lat' dir='ltr'><strong>praepositionibus,</strong></span> <span class='ocrx_word' id='word_1_31' title='bbox 1152 412 1360 452; x_wconf 85' lang='lat' dir='ltr'><strong>constant.</strong></span> <span class='ocrx_word' id='word_1_32' title='bbox 1420 407 1558 460; x_wconf 86' lang='lat' dir='ltr'><strong>Quem</strong></span> <span class='ocrx_word' id='word_1_33' title='bbox 1595 408 1860 464; x_wconf 73' lang='lat' dir='ltr'><strong>priusquam</strong></span> <span class='ocrx_word' id='word_1_34' title='bbox 1881 420 2142 467; x_wconf 83' lang='lat' dir='ltr'><strong>proponam,</strong></span> <span class='ocrx_word' id='word_1_35' title='bbox 2184 409 2334 466; x_wconf 87' lang='lat' dir='ltr'><strong>paucis</strong></span> <span class='ocrx_word' id='word_1_36' title='bbox 2378 424 2449 455; x_wconf 77' lang='lat' dir='ltr'><strong>ex-</strong></span> 
     </span>
     <span class='ocr_line' id='line_1_5' title="bbox 288 487 2449 548; baseline 0.002 -17"><span class='ocrx_word' id='word_1_37' title='bbox 288 488 441 545; x_wconf 89' lang='lat' dir='ltr'><strong>plicari</strong></span> <span class='ocrx_word' id='word_1_38' title='bbox 465 501 640 532; x_wconf 88' lang='lat' dir='ltr'><strong>necesse</strong></span> <span class='ocrx_word' id='word_1_39' title='bbox 671 492 736 531; x_wconf 88' lang='lat' dir='ltr'><strong>est</strong></span> <span class='ocrx_word' id='word_1_40' title='bbox 765 487 820 531; x_wconf 91' lang='lat' dir='ltr'><strong>de</strong></span> <span class='ocrx_word' id='word_1_41' title='bbox 850 488 1011 532; x_wconf 82' lang='lat' dir='ltr'>neutris</span> <span class='ocrx_word' id='word_1_42' title='bbox 1043 488 1355 544; x_wconf 83' lang='lat' dir='ltr'><strong>adjectivorum</strong></span> <span class='ocrx_word' id='word_1_43' title='bbox 1386 489 1748 532; x_wconf 78' lang='lat' dir='ltr'><strong>substantivorum</strong></span> <span class='ocrx_word' id='word_1_44' title='bbox 1779 488 1874 534; x_wconf 91' lang='lat' dir='ltr'><strong>vice</strong></span> <span class='ocrx_word' id='word_1_45' title='bbox 1903 489 2188 548; x_wconf 86' lang='lat' dir='ltr'><strong>fungentium,</strong></span> <span class='ocrx_word' id='word_1_46' title='bbox 2217 494 2449 548; x_wconf 77' lang='lat' dir='ltr'><strong>propterea</strong></span> 
     </span>
     <span class='ocr_line' id='line_1_6' title="bbox 290 568 2448 628; baseline 0.002 -16"><span class='ocrx_word' id='word_1_47' title='bbox 290 569 404 625; x_wconf 92' lang='lat' dir='ltr'><strong>quod</strong></span> <span class='ocrx_word' id='word_1_48' title='bbox 435 569 564 612; x_wconf 78' lang='lat' dir='ltr'><strong>etiam</strong></span> <span class='ocrx_word' id='word_1_49' title='bbox 596 568 678 612; x_wconf 89' lang='lat' dir='ltr'><strong>hae</strong></span> <span class='ocrx_word' id='word_1_50' title='bbox 713 568 757 611; x_wconf 94' lang='lat' dir='ltr'><strong>in</strong></span> <span class='ocrx_word' id='word_1_51' title='bbox 790 582 835 612; x_wconf 92' lang='lat' dir='ltr'><strong>re</strong></span> <span class='ocrx_word' id='word_1_52' title='bbox 868 582 1008 613; x_wconf 89' lang='lat' dir='ltr'><strong>sermo</strong></span> <span class='ocrx_word' id='word_1_53' title='bbox 1040 569 1234 614; x_wconf 81' lang='lat' dir='ltr'><strong>Senecae</strong></span> <span class='ocrx_word' id='word_1_54' title='bbox 1263 584 1291 613; x_wconf 87' lang='lat' dir='ltr'><strong>a</strong></span> <span class='ocrx_word' id='word_1_55' title='bbox 1327 570 1540 626; x_wconf 84' lang='lat' dir='ltr'><strong>prioribus</strong></span> <span class='ocrx_word' id='word_1_56' title='bbox 1577 569 1771 614; x_wconf 89' lang='lat' dir='ltr'><strong>nonnihil</strong></span> <span class='ocrx_word' id='word_1_57' title='bbox 1809 569 2037 627; x_wconf 80' lang='lat' dir='ltr'><strong>discrepat.</strong></span> <span class='ocrx_word' id='word_1_58' title='bbox 2097 571 2211 615; x_wconf 88' lang='lat' dir='ltr'><strong>Nam</strong></span> <span class='ocrx_word' id='word_1_59' title='bbox 2251 572 2448 628; x_wconf 84' lang='lat' dir='ltr'><strong>quamvis</strong></span> 
     </span>
     <span class='ocr_line' id='line_1_7' title="bbox 288 648 2447 709; baseline 0.002 -17"><span class='ocrx_word' id='word_1_60' title='bbox 288 664 372 693; x_wconf 91' lang='lat' dir='ltr'><strong>non</strong></span> <span class='ocrx_word' id='word_1_61' title='bbox 403 663 453 692; x_wconf 92' lang='lat' dir='ltr'><strong>eo</strong></span> <span class='ocrx_word' id='word_1_62' title='bbox 484 648 695 692; x_wconf 83' lang='lat' dir='ltr'><strong>audaciae</strong></span> <span class='ocrx_word' id='word_1_63' title='bbox 725 663 979 706; x_wconf 86' lang='lat' dir='ltr'><strong>progressus</strong></span> <span class='ocrx_word' id='word_1_64' title='bbox 1011 649 1078 707; x_wconf 89' lang='lat' dir='ltr'><strong>sit,</strong></span> <span class='ocrx_word' id='word_1_65' title='bbox 1107 654 1155 693; x_wconf 88' lang='lat' dir='ltr'><strong>ut</strong></span> <span class='ocrx_word' id='word_1_66' title='bbox 1183 649 1296 707; x_wconf 87' lang='lat' dir='ltr'><strong>„alia</strong></span> <span class='ocrx_word' id='word_1_67' title='bbox 1326 650 1555 694; x_wconf 86' lang='lat' dir='ltr'><strong>honorum“</strong></span> <span class='ocrx_word' id='word_1_68' title='bbox 1576 649 1749 707; x_wconf 83' lang='lat' dir='ltr'><strong>(Tacit.)</strong></span> <span class='ocrx_word' id='word_1_69' title='bbox 1780 649 1953 708; x_wconf 88' lang='lat' dir='ltr'><strong>diceret,</strong></span> <span class='ocrx_word' id='word_1_70' title='bbox 1983 655 2129 695; x_wconf 85' lang='lat' dir='ltr'><strong>tamen</strong></span> <span class='ocrx_word' id='word_1_71' title='bbox 2156 652 2290 696; x_wconf 84' lang='lat' dir='ltr'><strong>etiam</strong></span> <span class='ocrx_word' id='word_1_72' title='bbox 2329 651 2447 709; x_wconf 89' lang='lat' dir='ltr'><strong>apud</strong></span> 
     </span>
     <span class='ocr_line' id='line_1_8' title="bbox 290 729 2446 789; baseline 0.002 -18"><span class='ocrx_word' id='word_1_73' title='bbox 290 742 386 772; x_wconf 87' lang='lat' dir='ltr'><strong>eum</strong></span> <span class='ocrx_word' id='word_1_74' title='bbox 409 733 581 772; x_wconf 86' lang='lat' dir='ltr'><strong>exstant</strong></span> <span class='ocrx_word' id='word_1_75' title='bbox 595 729 809 786; x_wconf 89' lang='lat' dir='ltr'><strong>„pretiosa</strong></span> <span class='ocrx_word' id='word_1_76' title='bbox 839 729 1004 773; x_wconf 84' lang='lat' dir='ltr'><strong>rerum“</strong></span> <span class='ocrx_word' id='word_1_77' title='bbox 1037 744 1112 787; x_wconf 92' lang='lat' dir='ltr'><strong>pro</strong></span> <span class='ocrx_word' id='word_1_78' title='bbox 1129 730 1368 787; x_wconf 87' lang='lat' dir='ltr'><strong>„pretiosae</strong></span> <span class='ocrx_word' id='word_1_79' title='bbox 1399 731 1490 774; x_wconf 78' lang='lat' dir='ltr'><strong>res“</strong></span> <span class='ocrx_word' id='word_1_80' title='bbox 1506 730 1603 787; x_wconf 89' lang='lat' dir='ltr'><strong>(Ep.</strong></span> <span class='ocrx_word' id='word_1_81' title='bbox 1626 731 1694 788; x_wconf 87' lang='lat'><strong>93,</strong></span> <span class='ocrx_word' id='word_1_82' title='bbox 1715 731 1776 787; x_wconf 89' lang='lat'><strong>4),</strong></span> <span class='ocrx_word' id='word_1_83' title='bbox 1806 730 2219 787; x_wconf 85' lang='lat' dir='ltr'><strong>„Thermopylarum</strong></span> <span class='ocrx_word' id='word_1_84' title='bbox 2232 732 2446 789; x_wconf 83' lang='lat' dir='ltr'><strong>angusta“</strong></span> 
     </span>
     <span class='ocr_line' id='line_1_9' title="bbox 288 809 2447 869; baseline 0 -13"><span class='ocrx_word' id='word_1_85' title='bbox 288 811 408 866; x_wconf 71' lang='lat' dir='ltr'><strong>(Ben.</strong></span> <span class='ocrx_word' id='word_1_86' title='bbox 439 809 513 867; x_wconf 87' lang='lat' dir='ltr'><strong>VI,</strong></span> <span class='ocrx_word' id='word_1_87' title='bbox 545 811 614 866; x_wconf 84' lang='lat'><strong>31,</strong></span> <span class='ocrx_word' id='word_1_88' title='bbox 645 810 703 866; x_wconf 84' lang='lat'><strong>6),</strong></span> <span class='ocrx_word' id='word_1_89' title='bbox 744 815 958 867; x_wconf 89' lang='lat' dir='ltr'><strong>„angusta</strong></span> <span class='ocrx_word' id='word_1_90' title='bbox 996 810 1190 867; x_wconf 86' lang='lat' dir='ltr'><strong>rupium“</strong></span> <span class='ocrx_word' id='word_1_91' title='bbox 1227 811 1295 867; x_wconf 88' lang='lat' dir='ltr'><strong>(N.</strong></span> <span class='ocrx_word' id='word_1_92' title='bbox 1330 810 1379 863; x_wconf 87' lang='lat' dir='ltr'><strong>Q.</strong></span> <span class='ocrx_word' id='word_1_93' title='bbox 1411 811 1475 868; x_wconf 93' lang='lat' dir='ltr'><strong>lV,</strong></span> <span class='ocrx_word' id='word_1_94' title='bbox 1505 813 1544 868; x_wconf 82' lang='lat'><strong>2,</strong></span> <span class='ocrx_word' id='word_1_95' title='bbox 1578 812 1635 867; x_wconf 87' lang='lat'><strong>6),</strong></span> <span class='ocrx_word' id='word_1_96' title='bbox 1673 812 1883 868; x_wconf 89' lang='lat' dir='ltr'><strong>„obscura</strong></span> <span class='ocrx_word' id='word_1_97' title='bbox 1911 812 2147 855; x_wconf 86' lang='lat' dir='ltr'><strong>terrarum“</strong></span> <span class='ocrx_word' id='word_1_98' title='bbox 2189 813 2262 869; x_wconf 86' lang='lat' dir='ltr'><strong>(N.</strong></span> <span class='ocrx_word' id='word_1_99' title='bbox 2294 811 2343 864; x_wconf 67' lang='lat' dir='ltr'><strong>Q„</strong></span> <span class='ocrx_word' id='word_1_100' title='bbox 2373 812 2447 869; x_wconf 85' lang='lat' dir='ltr'><strong>VI,</strong></span> 
     </span>
     <span class='ocr_line' id='line_1_10' title="bbox 287 890 2447 948; baseline 0.001 -14"><span class='ocrx_word' id='word_1_101' title='bbox 287 892 328 947; x_wconf 84' lang='lat'><strong>8,</strong></span> <span class='ocrx_word' id='word_1_102' title='bbox 359 890 417 948; x_wconf 84' lang='lat'><strong>2),</strong></span> <span class='ocrx_word' id='word_1_103' title='bbox 448 894 682 948; x_wconf 88' lang='lat' dir='ltr'><strong>„secretum</strong></span> <span class='ocrx_word' id='word_1_104' title='bbox 713 890 820 934; x_wconf 85' lang='lat' dir='ltr'><strong>loci“</strong></span> <span class='ocrx_word' id='word_1_105' title='bbox 851 890 948 947; x_wconf 87' lang='lat' dir='ltr'><strong>(Ep.</strong></span> <span class='ocrx_word' id='word_1_106' title='bbox 979 891 1048 945; x_wconf 82' lang='lat'><strong>41,</strong></span> <span class='ocrx_word' id='word_1_107' title='bbox 1085 891 1145 947; x_wconf 89' lang='lat'><strong>3),</strong></span> <span class='ocrx_word' id='word_1_108' title='bbox 1190 891 1387 946; x_wconf 89' lang='lat' dir='ltr'><strong>quotiens</strong></span> <span class='ocrx_word' id='word_1_109' title='bbox 1432 892 1721 948; x_wconf 88' lang='lat' dir='ltr'><strong>despexerunt</strong></span> <span class='ocrx_word' id='word_1_110' title='bbox 1767 891 1812 933; x_wconf 91' lang='lat' dir='ltr'><strong>in</strong></span> <span class='ocrx_word' id='word_1_111' title='bbox 1850 890 1958 934; x_wconf 91' lang='lat' dir='ltr'><strong>illud</strong></span> <span class='ocrx_word' id='word_1_112' title='bbox 1992 891 2302 948; x_wconf 74' lang='lat' dir='ltr'><strong>magnitudinis</strong></span> <span class='ocrx_word' id='word_1_113' title='bbox 2341 905 2447 937; x_wconf 82' lang='lat' dir='ltr'><strong>suae</strong></span> 
     </span>
     <span class='ocr_line' id='line_1_11' title="bbox 296 969 2446 1029; baseline 0 -14"><span class='ocrx_word' id='word_1_114' title='bbox 296 984 507 1028; x_wconf 86' lang='lat' dir='ltr'><strong>praeceps</strong></span> <span class='ocrx_word' id='word_1_115' title='bbox 538 969 634 1027; x_wconf 89' lang='lat' dir='ltr'><strong>(Ep.</strong></span> <span class='ocrx_word' id='word_1_116' title='bbox 666 970 735 1027; x_wconf 84' lang='lat'><strong>94,</strong></span> <span class='ocrx_word' id='word_1_117' title='bbox 767 969 852 1027; x_wconf 85' lang='lat'>73),</span> <span class='ocrx_word' id='word_1_118' title='bbox 894 982 1059 1014; x_wconf 90' lang='lat' dir='ltr'><strong>summo</strong></span> <span class='ocrx_word' id='word_1_119' title='bbox 1095 983 1242 1014; x_wconf 88' lang='lat' dir='ltr'><strong>earum</strong></span> <span class='ocrx_word' id='word_1_120' title='bbox 1271 970 1517 1029; x_wconf 83' lang='lat' dir='ltr'><strong>(aquarum)</strong></span> <span class='ocrx_word' id='word_1_121' title='bbox 1548 970 1790 1014; x_wconf 87' lang='lat' dir='ltr'><strong>innatantia</strong></span> <span class='ocrx_word' id='word_1_122' title='bbox 1822 970 1892 1027; x_wconf 90' lang='lat' dir='ltr'><strong>(N.</strong></span> <span class='ocrx_word' id='word_1_123' title='bbox 1924 970 1973 1023; x_wconf 92' lang='lat' dir='ltr'><strong>Q.</strong></span> <span class='ocrx_word' id='word_1_124' title='bbox 2005 971 2056 1029; x_wconf 91' lang='lat' dir='ltr'><strong>V,</strong></span> <span class='ocrx_word' id='word_1_125' title='bbox 2089 972 2130 1028; x_wconf 83' lang='lat'><strong>5,</strong></span> <span class='ocrx_word' id='word_1_126' title='bbox 2160 971 2219 1028; x_wconf 84' lang='lat'><strong>2).</strong></span> <span class='ocrx_word' id='word_1_127' title='bbox 2279 972 2446 1016; x_wconf 86' lang='lat' dir='ltr'><strong>Deinde</strong></span> 
     </span>
     <span class='ocr_line' id='line_1_12' title="bbox 289 1049 2446 1109; baseline 0.001 -15"><span class='ocrx_word' id='word_1_128' title='bbox 289 1051 449 1095; x_wconf 83' lang='lat' dir='ltr'><strong>neutris</strong></span> <span class='ocrx_word' id='word_1_129' title='bbox 481 1049 804 1107; x_wconf 87' lang='lat' dir='ltr'><strong>adjectivorum,</strong></span> <span class='ocrx_word' id='word_1_130' title='bbox 834 1064 945 1106; x_wconf 89' lang='lat' dir='ltr'><strong>quae</strong></span> <span class='ocrx_word' id='word_1_131' title='bbox 977 1050 1341 1095; x_wconf 85' lang='lat' dir='ltr'><strong>substantivorum</strong></span> <span class='ocrx_word' id='word_1_132' title='bbox 1363 1053 1457 1096; x_wconf 89' lang='lat' dir='ltr'><strong>vice</strong></span> <span class='ocrx_word' id='word_1_133' title='bbox 1487 1052 1735 1109; x_wconf 75' lang='lat' dir='ltr'><strong>funguntur,</strong></span> <span class='ocrx_word' id='word_1_134' title='bbox 1765 1064 1883 1095; x_wconf 86' lang='lat' dir='ltr'><strong>more</strong></span> <span class='ocrx_word' id='word_1_135' title='bbox 1902 1056 2126 1108; x_wconf 87' lang='lat' dir='ltr'><strong>poetarum</strong></span> <span class='ocrx_word' id='word_1_136' title='bbox 2161 1052 2342 1096; x_wconf 86' lang='lat' dir='ltr'><strong>alterum</strong></span> <span class='ocrx_word' id='word_1_137' title='bbox 2371 1052 2446 1096; x_wconf 88' lang='lat' dir='ltr'><strong>ad-</strong></span> 
     </span>
     <span class='ocr_line' id='line_1_13' title="bbox 284 1130 2447 1190; baseline 0 -14"><span class='ocrx_word' id='word_1_138' title='bbox 284 1131 495 1188; x_wconf 89' lang='lat' dir='ltr'><strong>jectivum</strong></span> <span class='ocrx_word' id='word_1_139' title='bbox 526 1130 738 1189; x_wconf 88' lang='lat' dir='ltr'><strong>adjungit.</strong></span> <span class='ocrx_word' id='word_1_140' title='bbox 783 1131 893 1175; x_wconf 88' lang='lat' dir='ltr'><strong>Nam</strong></span> <span class='ocrx_word' id='word_1_141' title='bbox 925 1136 972 1175; x_wconf 89' lang='lat' dir='ltr'><strong>ut</strong></span> <span class='ocrx_word' id='word_1_142' title='bbox 989 1131 1202 1189; x_wconf 88' lang='lat' dir='ltr'><strong>Vergilius</strong></span> <span class='ocrx_word' id='word_1_143' title='bbox 1232 1132 1391 1189; x_wconf 86' lang='lat' dir='ltr'><strong>„altum</strong></span> <span class='ocrx_word' id='word_1_144' title='bbox 1421 1131 1700 1190; x_wconf 87' lang='lat' dir='ltr'><strong>caeruleum“,</strong></span> <span class='ocrx_word' id='word_1_145' title='bbox 1729 1131 1796 1176; x_wconf 87' lang='lat' dir='ltr'><strong>sic</strong></span> <span class='ocrx_word' id='word_1_146' title='bbox 1826 1131 1993 1176; x_wconf 80' lang='lat' dir='ltr'><strong>Seneca</strong></span> <span class='ocrx_word' id='word_1_147' title='bbox 2024 1131 2132 1176; x_wconf 85' lang='lat' dir='ltr'><strong>dixit</strong></span> <span class='ocrx_word' id='word_1_148' title='bbox 2162 1132 2447 1189; x_wconf 83' lang='lat' dir='ltr'><strong>„profundum</strong></span> 
     </span>
     <span class='ocr_line' id='line_1_14' title="bbox 288 1212 2445 1272; baseline 0 -15"><span class='ocrx_word' id='word_1_149' title='bbox 288 1213 602 1269; x_wconf 82' lang='lat' dir='ltr'><strong>inexploratum</strong></span> <span class='ocrx_word' id='word_1_150' title='bbox 633 1217 676 1257; x_wconf 91' lang='lat' dir='ltr'><strong>et</strong></span> <span class='ocrx_word' id='word_1_151' title='bbox 705 1212 985 1257; x_wconf 84' lang='lat' dir='ltr'><strong>immensum“</strong></span> <span class='ocrx_word' id='word_1_152' title='bbox 1018 1212 1137 1270; x_wconf 93' lang='lat' dir='ltr'><strong>(Ben.</strong></span> <span class='ocrx_word' id='word_1_153' title='bbox 1170 1213 1262 1270; x_wconf 93' lang='lat' dir='ltr'>VII,</span> <span class='ocrx_word' id='word_1_154' title='bbox 1293 1214 1333 1270; x_wconf 84' lang='lat'><strong>2,</strong></span> <span class='ocrx_word' id='word_1_155' title='bbox 1364 1215 1423 1272; x_wconf 79' lang='grc'><strong>6),</strong></span> <span class='ocrx_word' id='word_1_156' title='bbox 1459 1214 1527 1271; x_wconf 94' lang='lat' dir='ltr'><strong>„in</strong></span> <span class='ocrx_word' id='word_1_157' title='bbox 1558 1217 1744 1271; x_wconf 86' lang='lat' dir='ltr'><strong>angusto</strong></span> <span class='ocrx_word' id='word_1_158' title='bbox 1773 1212 1917 1257; x_wconf 84' lang='lat' dir='ltr'><strong>inani“</strong></span> <span class='ocrx_word' id='word_1_159' title='bbox 1950 1214 2021 1269; x_wconf 91' lang='lat' dir='ltr'><strong>(N.</strong></span> <span class='ocrx_word' id='word_1_160' title='bbox 2054 1212 2105 1265; x_wconf 90' lang='lat' dir='ltr'><strong>Q.</strong></span> <span class='ocrx_word' id='word_1_161' title='bbox 2139 1214 2187 1270; x_wconf 88' lang='lat' dir='ltr'><strong>V,</strong></span> <span class='ocrx_word' id='word_1_162' title='bbox 2223 1216 2258 1271; x_wconf 95' lang='grc'>1,</span> <span class='ocrx_word' id='word_1_163' title='bbox 2288 1213 2345 1272; x_wconf 94' lang='grc'><strong>2),</strong></span> <span class='ocrx_word' id='word_1_164' title='bbox 2375 1214 2445 1272; x_wconf 92' lang='lat' dir='ltr'><strong>„in</strong></span> 
     </span>
     <span class='ocr_line' id='line_1_15' title="bbox 289 1293 2446 1352; baseline 0.001 -15"><span class='ocrx_word' id='word_1_165' title='bbox 289 1295 421 1338; x_wconf 93' lang='lat' dir='ltr'><strong>multo</strong></span> <span class='ocrx_word' id='word_1_166' title='bbox 450 1293 593 1338; x_wconf 89' lang='lat' dir='ltr'><strong>inani“</strong></span> <span class='ocrx_word' id='word_1_167' title='bbox 619 1293 830 1350; x_wconf 88' lang='lat' dir='ltr'><strong>(ibidem).</strong></span> <span class='ocrx_word' id='word_1_168' title='bbox 890 1293 988 1337; x_wconf 88' lang='lat' dir='ltr'><strong>Jam</strong></span> <span class='ocrx_word' id='word_1_169' title='bbox 1019 1307 1120 1338; x_wconf 91' lang='lat' dir='ltr'><strong>vero</strong></span> <span class='ocrx_word' id='word_1_170' title='bbox 1151 1294 1209 1338; x_wconf 85' lang='lat' dir='ltr'><strong>ad</strong></span> <span class='ocrx_word' id='word_1_171' title='bbox 1240 1308 1313 1338; x_wconf 87' lang='lat' dir='ltr'><strong>eas</strong></span> <span class='ocrx_word' id='word_1_172' title='bbox 1343 1294 1550 1338; x_wconf 87' lang='lat' dir='ltr'><strong>dictiones</strong></span> <span class='ocrx_word' id='word_1_173' title='bbox 1581 1294 1866 1339; x_wconf 89' lang='lat' dir='ltr'><strong>recensendas</strong></span> <span class='ocrx_word' id='word_1_174' title='bbox 1897 1294 2218 1352; x_wconf 86' lang='lat' dir='ltr'><strong>aggrediamur,</strong></span> <span class='ocrx_word' id='word_1_175' title='bbox 2248 1308 2361 1351; x_wconf 86' lang='lat' dir='ltr'><strong>quae</strong></span> <span class='ocrx_word' id='word_1_176' title='bbox 2392 1308 2446 1339; x_wconf 85' lang='lat' dir='ltr'><strong>ex</strong></span> 
     </span>
     <span class='ocr_line' id='line_1_16' title="bbox 288 1374 2446 1431; baseline 0 -14"><span class='ocrx_word' id='word_1_177' title='bbox 288 1374 450 1418; x_wconf 88' lang='lat' dir='ltr'><strong>neutris</strong></span> <span class='ocrx_word' id='word_1_178' title='bbox 481 1374 793 1430; x_wconf 76' lang='lat' dir='ltr'><strong>adjectivorum</strong></span> <span class='ocrx_word' id='word_1_179' title='bbox 821 1378 864 1417; x_wconf 87' lang='lat' dir='ltr'><strong>et</strong></span> <span class='ocrx_word' id='word_1_180' title='bbox 895 1374 1284 1430; x_wconf 89' lang='lat' dir='ltr'><strong>praepositionibus</strong></span> <span class='ocrx_word' id='word_1_181' title='bbox 1315 1375 1577 1431; x_wconf 90' lang='lat' dir='ltr'><strong>compositae</strong></span> <span class='ocrx_word' id='word_1_182' title='bbox 1596 1380 1704 1418; x_wconf 89' lang='lat' dir='ltr'><strong>sunt.</strong></span> <span class='ocrx_word' id='word_1_183' title='bbox 1782 1374 1907 1426; x_wconf 91' lang='lat' dir='ltr'><strong>Quod</strong></span> <span class='ocrx_word' id='word_1_184' title='bbox 1937 1374 2110 1418; x_wconf 89' lang='lat' dir='ltr'><strong>dicendi</strong></span> <span class='ocrx_word' id='word_1_185' title='bbox 2142 1388 2281 1431; x_wconf 89' lang='lat' dir='ltr'><strong>genus</strong></span> <span class='ocrx_word' id='word_1_186' title='bbox 2312 1389 2392 1418; x_wconf 93' lang='lat' dir='ltr'><strong>nec</strong></span> <span class='ocrx_word' id='word_1_187' title='bbox 2419 1390 2446 1418; x_wconf 88' lang='lat' dir='ltr'><strong>a</strong></span> 
     </span>
     <span class='ocr_line' id='line_1_17' title="bbox 288 1450 2444 1510; baseline 0 -13"><span class='ocrx_word' id='word_1_188' title='bbox 288 1454 479 1510; x_wconf 74' lang='lat' dir='ltr'><strong>GraeciS,</strong></span> <span class='ocrx_word' id='word_1_189' title='bbox 511 1455 630 1510; x_wconf 90' lang='lat' dir='ltr'><strong>apud</strong></span> <span class='ocrx_word' id='word_1_190' title='bbox 660 1468 767 1509; x_wconf 87' lang='lat' dir='ltr'><strong>quos</strong></span> <span class='ocrx_word' id='word_1_191' title='bbox 788 1453 837 1505; x_wconf 76' lang='grc' dir='ltr'><strong>ἐξ</strong></span> <span class='ocrx_word' id='word_1_192' title='bbox 857 1450 978 1505; x_wconf 74' lang='grc' dir='ltr'>ἴσου,</span> <span class='ocrx_word' id='word_1_193' title='bbox 1010 1453 1058 1497; x_wconf 78' lang='grc' dir='ltr'><strong>ἐκ</strong></span> <span class='ocrx_word' id='word_1_194' title='bbox 1091 1453 1268 1497; x_wconf 83' lang='grc' dir='ltr'><strong><em>δικαίου</em></strong></span> <span class='ocrx_word' id='word_1_195' title='bbox 1290 1455 1384 1498; x_wconf 88' lang='lat' dir='ltr'><strong>loco</strong></span> <span class='ocrx_word' id='word_1_196' title='bbox 1400 1452 1526 1505; x_wconf 76' lang='grc' dir='ltr'>ἴσως,</span> <span class='ocrx_word' id='word_1_197' title='bbox 1545 1452 1736 1505; x_wconf 75' lang='grc' dir='ltr'><em>δικαίως</em></span> <span class='ocrx_word' id='word_1_198' title='bbox 1767 1459 1877 1510; x_wconf 88' lang='lat' dir='ltr'><strong>sunt,</strong></span> <span class='ocrx_word' id='word_1_199' title='bbox 1907 1468 1988 1498; x_wconf 91' lang='lat' dir='ltr'><strong>nec</strong></span> <span class='ocrx_word' id='word_1_200' title='bbox 2009 1463 2038 1497; x_wconf 84' lang='lat' dir='ltr'><strong>a</strong></span> <span class='ocrx_word' id='word_1_201' title='bbox 2065 1455 2444 1510; x_wconf 86' lang='lat' dir='ltr'><strong>praestantissimis</strong></span> 
     </span>
     <span class='ocr_line' id='line_1_18' title="bbox 287 1534 2443 1592; baseline 0 -13"><span class='ocrx_word' id='word_1_202' title='bbox 287 1534 541 1592; x_wconf 87' lang='lat' dir='ltr'><strong>scriptorum</strong></span> <span class='ocrx_word' id='word_1_203' title='bbox 572 1534 800 1579; x_wconf 88' lang='lat' dir='ltr'><strong>latinorum</strong></span> <span class='ocrx_word' id='word_1_204' title='bbox 830 1534 1020 1579; x_wconf 87' lang='lat' dir='ltr'><strong>alienum</strong></span> <span class='ocrx_word' id='word_1_205' title='bbox 1049 1539 1203 1592; x_wconf 87' lang='lat' dir='ltr'><strong>poetae</strong></span> <span class='ocrx_word' id='word_1_206' title='bbox 1236 1540 1278 1578; x_wconf 92' lang='lat' dir='ltr'><strong>et</strong></span> <span class='ocrx_word' id='word_1_207' title='bbox 1309 1535 1564 1591; x_wconf 89' lang='lat' dir='ltr'><strong>posteriores</strong></span> <span class='ocrx_word' id='word_1_208' title='bbox 1594 1535 1822 1592; x_wconf 88' lang='lat' dir='ltr'><strong>scriptores</strong></span> <span class='ocrx_word' id='word_1_209' title='bbox 1853 1535 2033 1578; x_wconf 89' lang='lat' dir='ltr'><strong>multum</strong></span> <span class='ocrx_word' id='word_1_210' title='bbox 2061 1534 2338 1591; x_wconf 85' lang='lat' dir='ltr'><strong>prolatarunt.</strong></span> <span class='ocrx_word' id='word_1_211' title='bbox 2392 1535 2443 1579; x_wconf 94' lang='lat' dir='ltr'><strong>In</strong></span> 
     </span>
     <span class='ocr_line' id='line_1_19' title="bbox 287 1614 2443 1672; baseline 0 -14"><span class='ocrx_word' id='word_1_212' title='bbox 287 1628 415 1670; x_wconf 91' lang='lat' dir='ltr'><strong>quem</strong></span> <span class='ocrx_word' id='word_1_213' title='bbox 457 1629 679 1659; x_wconf 91' lang='lat' dir='ltr'><strong>numerum</strong></span> <span class='ocrx_word' id='word_1_214' title='bbox 718 1615 847 1659; x_wconf 90' lang='lat' dir='ltr'><strong>etiam</strong></span> <span class='ocrx_word' id='word_1_215' title='bbox 891 1614 1101 1660; x_wconf 86' lang='lat' dir='ltr'><strong>Senecam</strong></span> <span class='ocrx_word' id='word_1_216' title='bbox 1144 1615 1414 1659; x_wconf 85' lang='lat' dir='ltr'><strong>referendum</strong></span> <span class='ocrx_word' id='word_1_217' title='bbox 1444 1629 1539 1659; x_wconf 86' lang='lat' dir='ltr'><strong>esse</strong></span> <span class='ocrx_word' id='word_1_218' title='bbox 1580 1616 1702 1672; x_wconf 89' lang='lat' dir='ltr'><strong>larga</strong></span> <span class='ocrx_word' id='word_1_219' title='bbox 1730 1615 1856 1671; x_wconf 91' lang='lat' dir='ltr'><strong>copia</strong></span> <span class='ocrx_word' id='word_1_220' title='bbox 1895 1615 2188 1672; x_wconf 88' lang='lat' dir='ltr'><strong>exemplorum</strong></span> <span class='ocrx_word' id='word_1_221' title='bbox 2230 1615 2443 1672; x_wconf 88' lang='lat' dir='ltr'><strong>docemur,</strong></span> 
     </span>
     <span class='ocr_line' id='line_1_20' title="bbox 286 1695 2445 1752; baseline 0.001 -15"><span class='ocrx_word' id='word_1_222' title='bbox 286 1696 442 1749; x_wconf 88' lang='lat' dir='ltr'><strong>quibus</strong></span> <span class='ocrx_word' id='word_1_223' title='bbox 458 1696 649 1741; x_wconf 88' lang='lat' dir='ltr'><strong>inserere</strong></span> <span class='ocrx_word' id='word_1_224' title='bbox 672 1695 776 1738; x_wconf 91' lang='lat' dir='ltr'><strong>libet</strong></span> <span class='ocrx_word' id='word_1_225' title='bbox 793 1695 922 1738; x_wconf 89' lang='lat' dir='ltr'><strong>etiam</strong></span> <span class='ocrx_word' id='word_1_226' title='bbox 943 1709 1017 1738; x_wconf 92' lang='lat' dir='ltr'><strong>eas</strong></span> <span class='ocrx_word' id='word_1_227' title='bbox 1034 1695 1256 1750; x_wconf 86' lang='lat' dir='ltr'><strong>dictiones,</strong></span> <span class='ocrx_word' id='word_1_228' title='bbox 1275 1709 1388 1750; x_wconf 88' lang='lat' dir='ltr'><strong>quae</strong></span> <span class='ocrx_word' id='word_1_229' title='bbox 1411 1696 1631 1751; x_wconf 91' lang='lat' dir='ltr'><strong>paululum</strong></span> <span class='ocrx_word' id='word_1_230' title='bbox 1654 1695 1868 1751; x_wconf 84' lang='lat' dir='ltr'><strong>differunt,</strong></span> <span class='ocrx_word' id='word_1_231' title='bbox 1892 1700 1937 1738; x_wconf 90' lang='lat' dir='ltr'><strong>ut</strong></span> <span class='ocrx_word' id='word_1_232' title='bbox 1957 1695 2002 1737; x_wconf 91' lang='lat' dir='ltr'><strong>in</strong></span> <span class='ocrx_word' id='word_1_233' title='bbox 2021 1696 2120 1752; x_wconf 88' lang='lat' dir='ltr'><strong>alto,</strong></span> <span class='ocrx_word' id='word_1_234' title='bbox 2137 1695 2182 1738; x_wconf 92' lang='lat' dir='ltr'><strong>in</strong></span> <span class='ocrx_word' id='word_1_235' title='bbox 2202 1695 2320 1739; x_wconf 79' lang='lat' dir='ltr'><strong>tacili</strong></span> <span class='ocrx_word' id='word_1_236' title='bbox 2335 1708 2445 1739; x_wconf 87' lang='lat' dir='ltr'><strong>esse.</strong></span> 
     </span>
    </p>

    <p class='ocr_par' dir='ltr' id='par_1_3' title="bbox 406 1768 1911 1831">
     <span class='ocr_line' id='line_1_21' title="bbox 406 1768 1911 1831; baseline -0.001 -12"><span class='ocrx_word' id='word_1_237' title='bbox 406 1790 469 1819; x_wconf 85' lang='lat' dir='ltr'><strong>ex</strong></span> <span class='ocrx_word' id='word_1_238' title='bbox 500 1775 687 1819; x_wconf 89' lang='lat' dir='ltr'><strong>abdito</strong></span> <span class='ocrx_word' id='word_1_239' title='bbox 719 1776 820 1819; x_wconf 92' lang='lat' dir='ltr'><strong>Ben.</strong></span> <span class='ocrx_word' id='word_1_240' title='bbox 852 1775 924 1831; x_wconf 91' lang='lat' dir='ltr'><strong>lV,</strong></span> <span class='ocrx_word' id='word_1_241' title='bbox 956 1777 1024 1831; x_wconf 84' lang='grc'><strong>32,</strong></span> <span class='ocrx_word' id='word_1_242' title='bbox 1059 1778 1079 1818; x_wconf 93' lang='grc'>1</span> <span class='ocrx_word' id='word_1_243' title='bbox 1114 1790 1166 1818; x_wconf 88' lang='lat' dir='ltr'><strong>ex</strong></span> <span class='ocrx_word' id='word_1_244' title='bbox 1198 1776 1344 1819; x_wconf 87' lang='lat' dir='ltr'><strong>abdito</strong></span> <span class='ocrx_word' id='word_1_245' title='bbox 1376 1776 1498 1819; x_wconf 90' lang='lat' dir='ltr'><strong>subit.</strong></span> <span class='ocrx_word' id='word_1_246' title='bbox 1851 1819 1856 1821; x_wconf 80' lang='grc'>,</span> <span class='ocrx_word' id='word_1_247' title='bbox 1906 1768 1911 1771; x_wconf 41' lang='lat'><strong>⁴</strong></span> 
     </span>
    </p>

    <p class='ocr_par' dir='ltr' id='par_1_4' title="bbox 289 1854 2442 1993">
     <span class='ocr_line' id='line_1_22' title="bbox 404 1854 2439 1912; baseline -0 -13"><span class='ocrx_word' id='word_1_248' title='bbox 404 1870 467 1899; x_wconf 91' lang='lat' dir='ltr'><strong>ex</strong></span> <span class='ocrx_word' id='word_1_249' title='bbox 497 1855 807 1900; x_wconf 86' lang='lat' dir='ltr'><strong>abundanti</strong></span> <span class='ocrx_word' id='word_1_250' title='bbox 838 1855 940 1898; x_wconf 90' lang='lat' dir='ltr'><strong>Ben.</strong></span> <span class='ocrx_word' id='word_1_251' title='bbox 962 1855 996 1912; x_wconf 92' lang='lat' dir='ltr'><strong>I,</strong></span> <span class='ocrx_word' id='word_1_252' title='bbox 1023 1858 1086 1912; x_wconf 89' lang='grc'>11,</span> <span class='ocrx_word' id='word_1_253' title='bbox 1117 1858 1145 1899; x_wconf 81' lang='lat'>5</span> <span class='ocrx_word' id='word_1_254' title='bbox 1182 1856 1279 1899; x_wconf 88' lang='lat' dir='ltr'><strong>Jam</strong></span> <span class='ocrx_word' id='word_1_255' title='bbox 1302 1860 1448 1899; x_wconf 84' lang='lat' dir='ltr'><strong>cetera</strong></span> <span class='ocrx_word' id='word_1_256' title='bbox 1471 1870 1524 1898; x_wconf 87' lang='lat' dir='ltr'><strong>ex</strong></span> <span class='ocrx_word' id='word_1_257' title='bbox 1562 1854 1798 1898; x_wconf 87' lang='lat' dir='ltr'><strong>abundanti</strong></span> <span class='ocrx_word' id='word_1_258' title='bbox 1821 1855 1998 1898; x_wconf 91' lang='lat' dir='ltr'><strong>veniunt</strong></span> <span class='ocrx_word' id='word_1_259' title='bbox 2024 1854 2231 1898; x_wconf 87' lang='lat' dir='ltr'><strong>delicatos</strong></span> <span class='ocrx_word' id='word_1_260' title='bbox 2260 1855 2439 1911; x_wconf 72' lang='lat' dir='ltr'><strong>tactura,</strong></span> 
     </span>
     <span class='ocr_line' id='line_1_23' title="bbox 289 1934 2442 1993; baseline -0.001 -13"><span class='ocrx_word' id='word_1_261' title='bbox 289 1937 503 1993; x_wconf 77' lang='lat' dir='ltr'><strong>(similiter</strong></span> <span class='ocrx_word' id='word_1_262' title='bbox 535 1935 677 1987; x_wconf 86' lang='lat' dir='ltr'><strong>Quint.</strong></span> <span class='ocrx_word' id='word_1_263' title='bbox 709 1936 780 1992; x_wconf 93' lang='lat' dir='ltr'><strong>IV,</strong></span> <span class='ocrx_word' id='word_1_264' title='bbox 810 1937 838 1979; x_wconf 85' lang='lat'>5</span> <span class='ocrx_word' id='word_1_265' title='bbox 878 1940 968 1978; x_wconf 90' lang='lat' dir='ltr'><strong>tum</strong></span> <span class='ocrx_word' id='word_1_266' title='bbox 998 1935 1122 1978; x_wconf 88' lang='lat' dir='ltr'><strong>addit</strong></span> <span class='ocrx_word' id='word_1_267' title='bbox 1152 1949 1204 1978; x_wconf 89' lang='lat' dir='ltr'><strong>ex</strong></span> <span class='ocrx_word' id='word_1_268' title='bbox 1237 1936 1474 1979; x_wconf 89' lang='lat' dir='ltr'><strong>abundanti</strong></span> <span class='ocrx_word' id='word_1_269' title='bbox 1504 1937 1528 1978; x_wconf 91' lang='lat' dir='ltr'><strong>i.</strong></span> <span class='ocrx_word' id='word_1_270' title='bbox 1563 1951 1594 1979; x_wconf 90' lang='lat' dir='ltr'><strong>e.</strong></span> <span class='ocrx_word' id='word_1_271' title='bbox 1627 1949 1758 1991; x_wconf 87' lang='lat' dir='ltr'><strong>supra</strong></span> <span class='ocrx_word' id='word_1_272' title='bbox 1788 1935 1846 1991; x_wconf 93' lang='lat' dir='ltr'><strong>id,</strong></span> <span class='ocrx_word' id='word_1_273' title='bbox 1877 1935 1992 1990; x_wconf 91' lang='lat' dir='ltr'><strong>quod</strong></span> <span class='ocrx_word' id='word_1_274' title='bbox 2023 1934 2315 1979; x_wconf 88' lang='lat' dir='ltr'><strong>necessarium</strong></span> <span class='ocrx_word' id='word_1_275' title='bbox 2345 1935 2442 1991; x_wconf 88' lang='lat' dir='ltr'><strong>est).</strong></span> 
     </span>
    </p>

    <p class='ocr_par' dir='ltr' id='par_1_5' title="bbox 287 2014 2442 2153">
     <span class='ocr_line' id='line_1_24' title="bbox 405 2014 2442 2072; baseline -0 -13"><span class='ocrx_word' id='word_1_276' title='bbox 405 2030 470 2059; x_wconf 86' lang='lat' dir='ltr'><strong>ex</strong></span> <span class='ocrx_word' id='word_1_277' title='bbox 501 2016 824 2059; x_wconf 87' lang='lat' dir='ltr'><strong>adventicio</strong></span> <span class='ocrx_word' id='word_1_278' title='bbox 864 2015 975 2058; x_wconf 89' lang='lat' dir='ltr'><strong>Dial.</strong></span> <span class='ocrx_word' id='word_1_279' title='bbox 1006 2016 1072 2070; x_wconf 94' lang='lat' dir='ltr'><strong>Vl,</strong></span> <span class='ocrx_word' id='word_1_280' title='bbox 1106 2017 1170 2071; x_wconf 83' lang='lat' dir='ltr'><strong>lo,</strong></span> <span class='ocrx_word' id='word_1_281' title='bbox 1206 2018 1225 2056; x_wconf 92' lang='lat'>1</span> <span class='ocrx_word' id='word_1_282' title='bbox 1277 2015 1492 2070; x_wconf 83' lang='lat' dir='ltr'><strong>Quicquid</strong></span> <span class='ocrx_word' id='word_1_283' title='bbox 1532 2022 1597 2059; x_wconf 86' lang='lat' dir='ltr'><strong>est</strong></span> <span class='ocrx_word' id='word_1_284' title='bbox 1640 2017 1732 2072; x_wconf 89' lang='lat' dir='ltr'><strong>hoe,</strong></span> <span class='ocrx_word' id='word_1_285' title='bbox 1769 2014 1945 2071; x_wconf 85' lang='lat' dir='ltr'><strong>Marcia,</strong></span> <span class='ocrx_word' id='word_1_286' title='bbox 1985 2015 2100 2070; x_wconf 91' lang='lat' dir='ltr'><strong>quod</strong></span> <span class='ocrx_word' id='word_1_287' title='bbox 2133 2015 2250 2059; x_wconf 89' lang='lat' dir='ltr'><strong>circa</strong></span> <span class='ocrx_word' id='word_1_288' title='bbox 2280 2028 2355 2058; x_wconf 90' lang='lat' dir='ltr'><strong>nos</strong></span> <span class='ocrx_word' id='word_1_289' title='bbox 2386 2028 2442 2058; x_wconf 85' lang='lat' dir='ltr'><strong>ex</strong></span> 
     </span>
     <span class='ocr_line' id='line_1_25' title="bbox 287 2096 1245 2153; baseline -0.002 -13"><span class='ocrx_word' id='word_1_290' title='bbox 287 2097 533 2140; x_wconf 89' lang='lat' dir='ltr'><strong>adventicio</strong></span> <span class='ocrx_word' id='word_1_291' title='bbox 562 2097 710 2153; x_wconf 83' lang='lat' dir='ltr'><strong>fulget,</strong></span> <span class='ocrx_word' id='word_1_292' title='bbox 740 2096 877 2151; x_wconf 87' lang='lat' dir='ltr'><strong>liberi,</strong></span> <span class='ocrx_word' id='word_1_293' title='bbox 911 2097 1105 2152; x_wconf 83' lang='lat' dir='ltr'><strong>honores,</strong></span> <span class='ocrx_word' id='word_1_294' title='bbox 1136 2110 1245 2151; x_wconf 84' lang='lat' dir='ltr'><strong>opes.</strong></span> 
     </span>
    </p>

    <p class='ocr_par' dir='ltr' id='par_1_6' title="bbox 281 2176 2438 2712">
     <span class='ocr_line' id='line_1_26' title="bbox 403 2176 2438 2232; baseline -0 -13"><span class='ocrx_word' id='word_1_295' title='bbox 403 2191 464 2219; x_wconf 92' lang='lat' dir='ltr'><strong>ex</strong></span> <span class='ocrx_word' id='word_1_296' title='bbox 505 2190 675 2231; x_wconf 91' lang='lat' dir='ltr'><strong>aequo</strong></span> <span class='ocrx_word' id='word_1_297' title='bbox 713 2176 826 2219; x_wconf 91' lang='lat' dir='ltr'><strong>Dial.</strong></span> <span class='ocrx_word' id='word_1_298' title='bbox 868 2176 946 2232; x_wconf 93' lang='lat' dir='ltr'><strong>VI,</strong></span> <span class='ocrx_word' id='word_1_299' title='bbox 990 2178 1054 2232; x_wconf 86' lang='lat'><strong>16,</strong></span> <span class='ocrx_word' id='word_1_300' title='bbox 1111 2178 1131 2218; x_wconf 90' lang='lat'>1</span> <span class='ocrx_word' id='word_1_301' title='bbox 1185 2176 1373 2219; x_wconf 88' lang='lat' dir='ltr'><strong>dolorem</strong></span> <span class='ocrx_word' id='word_1_302' title='bbox 1426 2177 1697 2230; x_wconf 84' lang='lat' dir='ltr'><strong>laboremque</strong></span> <span class='ocrx_word' id='word_1_303' title='bbox 1751 2190 1804 2218; x_wconf 91' lang='lat' dir='ltr'><strong>ex</strong></span> <span class='ocrx_word' id='word_1_304' title='bbox 1854 2189 2014 2231; x_wconf 88' lang='lat' dir='ltr'><strong>aequo,</strong></span> <span class='ocrx_word' id='word_1_305' title='bbox 2075 2176 2111 2218; x_wconf 91' lang='lat' dir='ltr'><strong>si</strong></span> <span class='ocrx_word' id='word_1_306' title='bbox 2164 2189 2438 2229; x_wconf 87' lang='lat' dir='ltr'><strong>consuevere,</strong></span> 
     </span>
     <span class='ocr_line' id='line_1_27' title="bbox 286 2255 2435 2314; baseline -0.001 -14"><span class='ocrx_word' id='word_1_307' title='bbox 286 2257 506 2314; x_wconf 86' lang='lat' dir='ltr'><strong>patiuntur</strong></span> <span class='ocrx_word' id='word_1_308' title='bbox 537 2257 797 2313; x_wconf 77' lang='lat' dir='ltr'><strong>(muheres),</strong></span> <span class='ocrx_word' id='word_1_309' title='bbox 835 2256 890 2298; x_wconf 91' lang='lat' dir='ltr'><strong>ib.</strong></span> <span class='ocrx_word' id='word_1_310' title='bbox 921 2257 948 2299; x_wconf 78' lang='grc' dir='ltr'>ὃ</span> <span class='ocrx_word' id='word_1_311' title='bbox 981 2257 1006 2297; x_wconf 84' lang='grc'>6</span> <span class='ocrx_word' id='word_1_312' title='bbox 1038 2256 1268 2311; x_wconf 83' lang='lat' dir='ltr'><strong>Nunquam</strong></span> <span class='ocrx_word' id='word_1_313' title='bbox 1308 2261 1453 2298; x_wconf 87' lang='lat' dir='ltr'><strong>tamen</strong></span> <span class='ocrx_word' id='word_1_314' title='bbox 1482 2256 1685 2310; x_wconf 89' lang='lat' dir='ltr'><strong>injuriam</strong></span> <span class='ocrx_word' id='word_1_315' title='bbox 1716 2255 1876 2299; x_wconf 88' lang='lat' dir='ltr'><strong>dixeris</strong></span> <span class='ocrx_word' id='word_1_316' title='bbox 1907 2269 1962 2298; x_wconf 92' lang='lat' dir='ltr'><strong>ex</strong></span> <span class='ocrx_word' id='word_1_317' title='bbox 1992 2269 2130 2310; x_wconf 84' lang='lat' dir='ltr'><strong>aequo</strong></span> <span class='ocrx_word' id='word_1_318' title='bbox 2161 2269 2258 2298; x_wconf 91' lang='lat' dir='ltr'><strong>cum</strong></span> <span class='ocrx_word' id='word_1_319' title='bbox 2287 2260 2435 2311; x_wconf 92' lang='lat' dir='ltr'><strong>poten-</strong></span> 
     </span>
     <span class='ocr_line' id='line_1_28' title="bbox 281 2335 2435 2393; baseline -0 -14"><span class='ocrx_word' id='word_1_320' title='bbox 281 2337 388 2381; x_wconf 87' lang='lat' dir='ltr'><strong>tiore</strong></span> <span class='ocrx_word' id='word_1_321' title='bbox 422 2336 636 2391; x_wconf 84' lang='lat' dir='ltr'><strong>dividere3</strong></span> <span class='ocrx_word' id='word_1_322' title='bbox 682 2337 784 2380; x_wconf 90' lang='lat' dir='ltr'><strong>Ben.</strong></span> <span class='ocrx_word' id='word_1_323' title='bbox 806 2336 878 2393; x_wconf 91' lang='lat' dir='ltr'><strong>VI,</strong></span> <span class='ocrx_word' id='word_1_324' title='bbox 910 2336 965 2378; x_wconf 85' lang='grc'><strong>22</strong></span> <span class='ocrx_word' id='word_1_325' title='bbox 996 2350 1109 2391; x_wconf 89' lang='lat' dir='ltr'><strong>quae</strong></span> <span class='ocrx_word' id='word_1_326' title='bbox 1139 2350 1250 2380; x_wconf 83' lang='lat' dir='ltr'><strong>nunc</strong></span> <span class='ocrx_word' id='word_1_327' title='bbox 1286 2342 1389 2380; x_wconf 90' lang='lat' dir='ltr'><strong>eunt</strong></span> <span class='ocrx_word' id='word_1_328' title='bbox 1419 2337 1593 2379; x_wconf 86' lang='lat' dir='ltr'><strong>alternis</strong></span> <span class='ocrx_word' id='word_1_329' title='bbox 1615 2335 1880 2391; x_wconf 88' lang='lat' dir='ltr'><strong>redeuntque</strong></span> <span class='ocrx_word' id='word_1_330' title='bbox 1901 2336 2150 2392; x_wconf 88' lang='lat' dir='ltr'><strong>opportunis</strong></span> <span class='ocrx_word' id='word_1_331' title='bbox 2170 2335 2435 2379; x_wconf 86' lang='lat' dir='ltr'><strong>libramentis</strong></span> 
     </span>
     <span class='ocr_line' id='line_1_29' title="bbox 282 2415 2435 2473; baseline -0.001 -13"><span class='ocrx_word' id='word_1_332' title='bbox 282 2417 489 2460; x_wconf 91' lang='lat' dir='ltr'><strong>mundum</strong></span> <span class='ocrx_word' id='word_1_333' title='bbox 521 2431 575 2461; x_wconf 86' lang='lat' dir='ltr'><strong>ex</strong></span> <span class='ocrx_word' id='word_1_334' title='bbox 607 2430 744 2472; x_wconf 89' lang='lat' dir='ltr'><strong>aequo</strong></span> <span class='ocrx_word' id='word_1_335' title='bbox 774 2415 1069 2472; x_wconf 86' lang='lat' dir='ltr'><strong>temperantia,</strong></span> <span class='ocrx_word' id='word_1_336' title='bbox 1100 2415 1267 2470; x_wconf 79' lang='lat' dir='ltr'><strong>(eodem</strong></span> <span class='ocrx_word' id='word_1_337' title='bbox 1290 2415 1416 2459; x_wconf 90' lang='lat' dir='ltr'><strong>modo</strong></span> <span class='ocrx_word' id='word_1_338' title='bbox 1438 2416 1617 2472; x_wconf 78' lang='lat' dir='ltr'><strong>Lucret,</strong></span> <span class='ocrx_word' id='word_1_339' title='bbox 1640 2415 1781 2472; x_wconf 89' lang='lat' dir='ltr'><strong>Ovid.,</strong></span> <span class='ocrx_word' id='word_1_340' title='bbox 1802 2415 1910 2458; x_wconf 92' lang='lat' dir='ltr'><strong>Plin.</strong></span> <span class='ocrx_word' id='word_1_341' title='bbox 1933 2415 2048 2473; x_wconf 87' lang='lat' dir='ltr'><strong>maj.,</strong></span> <span class='ocrx_word' id='word_1_342' title='bbox 2070 2415 2185 2473; x_wconf 74' lang='lat' dir='ltr'><strong>Tac,</strong></span> <span class='ocrx_word' id='word_1_343' title='bbox 2206 2415 2435 2458; x_wconf 84' lang='lat' dir='ltr'><strong>Suetonius</strong></span> 
     </span>
     <span class='ocr_line' id='line_1_30' title="bbox 284 2494 2433 2553; baseline -0.001 -14"><span class='ocrx_word' id='word_1_344' title='bbox 284 2495 415 2540; x_wconf 91' lang='lat' dir='ltr'><strong>locuti</strong></span> <span class='ocrx_word' id='word_1_345' title='bbox 446 2500 568 2553; x_wconf 88' lang='lat' dir='ltr'><strong>sunt,</strong></span> <span class='ocrx_word' id='word_1_346' title='bbox 610 2495 708 2552; x_wconf 91' lang='lat' dir='ltr'><strong>qui,</strong></span> <span class='ocrx_word' id='word_1_347' title='bbox 749 2500 795 2539; x_wconf 92' lang='lat' dir='ltr'><strong>ut</strong></span> <span class='ocrx_word' id='word_1_348' title='bbox 833 2495 1100 2539; x_wconf 84' lang='lat' dir='ltr'><strong>Forcellinus</strong></span> <span class='ocrx_word' id='word_1_349' title='bbox 1143 2502 1252 2539; x_wconf 88' lang='lat' dir='ltr'><strong>recte</strong></span> <span class='ocrx_word' id='word_1_350' title='bbox 1284 2497 1495 2552; x_wconf 85' lang='lat' dir='ltr'><strong>observat,</strong></span> <span class='ocrx_word' id='word_1_351' title='bbox 1537 2509 1633 2539; x_wconf 92' lang='lat' dir='ltr'><strong>cum</strong></span> <span class='ocrx_word' id='word_1_352' title='bbox 1675 2494 1927 2538; x_wconf 88' lang='lat' dir='ltr'><strong>adverbium</strong></span> <span class='ocrx_word' id='word_1_353' title='bbox 1969 2496 2154 2553; x_wconf 87' lang='lat' dir='ltr'><strong>„aeque“</strong></span> <span class='ocrx_word' id='word_1_354' title='bbox 2194 2495 2433 2551; x_wconf 88' lang='lat' dir='ltr'><strong>particulae</strong></span> 
     </span>
     <span class='ocr_line' id='line_1_31' title="bbox 287 2574 2438 2632; baseline -0 -14"><span class='ocrx_word' id='word_1_355' title='bbox 287 2579 499 2632; x_wconf 87' lang='lat' dir='ltr'><strong>potestate</strong></span> <span class='ocrx_word' id='word_1_356' title='bbox 539 2575 677 2632; x_wconf 89' lang='lat' dir='ltr'><strong>accipi</strong></span> <span class='ocrx_word' id='word_1_357' title='bbox 719 2580 915 2632; x_wconf 89' lang='lat' dir='ltr'><strong>coeptum</strong></span> <span class='ocrx_word' id='word_1_358' title='bbox 963 2581 1097 2630; x_wconf 89' lang='lat' dir='ltr'><strong>esset,</strong></span> <span class='ocrx_word' id='word_1_359' title='bbox 1135 2575 1180 2616; x_wconf 93' lang='lat' dir='ltr'><strong>in</strong></span> <span class='ocrx_word' id='word_1_360' title='bbox 1211 2575 1305 2630; x_wconf 87' lang='lat' dir='ltr'><strong>ejus</strong></span> <span class='ocrx_word' id='word_1_361' title='bbox 1335 2576 1473 2618; x_wconf 91' lang='lat' dir='ltr'><strong>locum</strong></span> <span class='ocrx_word' id='word_1_362' title='bbox 1503 2589 1582 2632; x_wconf 85' lang='lat' dir='ltr'><strong>„ex</strong></span> <span class='ocrx_word' id='word_1_363' title='bbox 1612 2574 1776 2630; x_wconf 87' lang='lat' dir='ltr'><strong>aequo“</strong></span> <span class='ocrx_word' id='word_1_364' title='bbox 1807 2575 2117 2620; x_wconf 87' lang='lat' dir='ltr'><strong>substituerunt</strong></span> <span class='ocrx_word' id='word_1_365' title='bbox 2157 2575 2215 2619; x_wconf 88' lang='lat' dir='ltr'><strong>ad</strong></span> <span class='ocrx_word' id='word_1_366' title='bbox 2244 2588 2438 2618; x_wconf 91' lang='lat' dir='ltr'><strong>normam</strong></span> 
     </span>
     <span class='ocr_line' id='line_1_32' title="bbox 287 2650 1763 2712; baseline -0.001 -12"><span class='ocrx_word' id='word_1_367' title='bbox 287 2655 563 2712; x_wconf 85' lang='lat' dir='ltr'><strong>Graecorum,</strong></span> <span class='ocrx_word' id='word_1_368' title='bbox 594 2655 667 2711; x_wconf 91' lang='lat' dir='ltr'><strong>qui</strong></span> <span class='ocrx_word' id='word_1_369' title='bbox 696 2655 780 2712; x_wconf 92' lang='lat' dir='ltr'><strong>ipsi</strong></span> <span class='ocrx_word' id='word_1_370' title='bbox 810 2668 981 2711; x_wconf 91' lang='lat' dir='ltr'><strong>quoque</strong></span> <span class='ocrx_word' id='word_1_371' title='bbox 1013 2653 1062 2707; x_wconf 80' lang='grc' dir='ltr'><strong>ἐξ</strong></span> <span class='ocrx_word' id='word_1_372' title='bbox 1089 2650 1191 2698; x_wconf 77' lang='grc' dir='ltr'>ἴσου</span> <span class='ocrx_word' id='word_1_373' title='bbox 1223 2669 1297 2712; x_wconf 91' lang='lat' dir='ltr'><strong>pro</strong></span> <span class='ocrx_word' id='word_1_374' title='bbox 1327 2650 1442 2706; x_wconf 76' lang='grc' dir='ltr'><em>ἴσως</em></span> <span class='ocrx_word' id='word_1_375' title='bbox 1470 2654 1763 2712; x_wconf 85' lang='lat' dir='ltr'><strong>usurparunt).</strong></span> 
     </span>
    </p>

    <p class='ocr_par' dir='ltr' id='par_1_7' title="bbox 404 2734 2437 2794">
     <span class='ocr_line' id='line_1_33' title="bbox 404 2734 2437 2794; baseline 0 -14"><span class='ocrx_word' id='word_1_376' title='bbox 404 2736 459 2780; x_wconf 92' lang='lat' dir='ltr'><strong>in</strong></span> <span class='ocrx_word' id='word_1_377' title='bbox 489 2748 550 2780; x_wconf 89' lang='lat' dir='ltr'><strong>ae</strong></span> <span class='ocrx_word' id='word_1_378' title='bbox 563 2748 626 2792; x_wconf 92' lang='lat' dir='ltr'><strong>qu</strong></span> <span class='ocrx_word' id='word_1_379' title='bbox 639 2748 718 2779; x_wconf 91' lang='lat' dir='ltr'><strong>um</strong></span> <span class='ocrx_word' id='word_1_380' title='bbox 736 2735 789 2780; x_wconf 88' lang='lat' dir='ltr'><strong>N.</strong></span> <span class='ocrx_word' id='word_1_381' title='bbox 807 2734 855 2788; x_wconf 90' lang='lat' dir='ltr'><strong>Q.</strong></span> <span class='ocrx_word' id='word_1_382' title='bbox 873 2735 945 2793; x_wconf 91' lang='lat' dir='ltr'><strong>IV,</strong></span> <span class='ocrx_word' id='word_1_383' title='bbox 965 2735 1030 2793; x_wconf 89' lang='lat'><strong>13,</strong></span> <span class='ocrx_word' id='word_1_384' title='bbox 1046 2735 1075 2779; x_wconf 89' lang='lat'>4</span> <span class='ocrx_word' id='word_1_385' title='bbox 1091 2748 1222 2779; x_wconf 90' lang='lat' dir='ltr'><strong>unum</strong></span> <span class='ocrx_word' id='word_1_386' title='bbox 1240 2735 1319 2780; x_wconf 86' lang='lat' dir='ltr'><strong>hoc</strong></span> <span class='ocrx_word' id='word_1_387' title='bbox 1337 2740 1440 2793; x_wconf 87' lang='lat' dir='ltr'><strong>erat,</strong></span> <span class='ocrx_word' id='word_1_388' title='bbox 1460 2735 1574 2792; x_wconf 90' lang='lat' dir='ltr'><strong>quod</strong></span> <span class='ocrx_word' id='word_1_389' title='bbox 1591 2735 1747 2781; x_wconf 87' lang='lat' dir='ltr'><strong>divites</strong></span> <span class='ocrx_word' id='word_1_390' title='bbox 1763 2735 1810 2779; x_wconf 92' lang='lat' dir='ltr'><strong>in</strong></span> <span class='ocrx_word' id='word_1_391' title='bbox 1823 2748 2010 2794; x_wconf 84' lang='lat' dir='ltr'><strong>aequum</strong></span> <span class='ocrx_word' id='word_1_392' title='bbox 2024 2735 2177 2781; x_wconf 86' lang='lat' dir='ltr'><strong>turbae</strong></span> <span class='ocrx_word' id='word_1_393' title='bbox 2192 2734 2437 2781; x_wconf 86' lang='lat' dir='ltr'><strong>deduceret.</strong></span> 
     </span>
    </p>

    <p class='ocr_par' dir='ltr' id='par_1_8' title="bbox 278 2815 2439 3042">
     <span class='ocr_line' id='line_1_34' title="bbox 402 2815 2439 2874; baseline 0 -14"><span class='ocrx_word' id='word_1_394' title='bbox 402 2817 453 2860; x_wconf 90' lang='lat' dir='ltr'><strong>in</strong></span> <span class='ocrx_word' id='word_1_395' title='bbox 493 2829 666 2872; x_wconf 89' lang='lat' dir='ltr'><strong>aequo</strong></span> <span class='ocrx_word' id='word_1_396' title='bbox 697 2829 818 2860; x_wconf 88' lang='lat' dir='ltr'><strong>esse</strong></span> <span class='ocrx_word' id='word_1_397' title='bbox 854 2816 934 2873; x_wconf 88' lang='lat' dir='ltr'><strong>Ep.</strong></span> <span class='ocrx_word' id='word_1_398' title='bbox 964 2817 1033 2873; x_wconf 85' lang='lat'><strong>66,</strong></span> <span class='ocrx_word' id='word_1_399' title='bbox 1063 2815 1120 2859; x_wconf 88' lang='grc'><strong>29</strong></span> <span class='ocrx_word' id='word_1_400' title='bbox 1150 2815 1195 2859; x_wconf 92' lang='lat' dir='ltr'><strong>in</strong></span> <span class='ocrx_word' id='word_1_401' title='bbox 1225 2830 1362 2873; x_wconf 89' lang='lat' dir='ltr'><strong>aequo</strong></span> <span class='ocrx_word' id='word_1_402' title='bbox 1392 2820 1457 2860; x_wconf 88' lang='lat' dir='ltr'><strong>est</strong></span> <span class='ocrx_word' id='word_1_403' title='bbox 1486 2817 1704 2861; x_wconf 84' lang='lat' dir='ltr'><strong>moderate</strong></span> <span class='ocrx_word' id='word_1_404' title='bbox 1726 2815 1919 2874; x_wconf 85' lang='lat' dir='ltr'><strong>gaudere</strong></span> <span class='ocrx_word' id='word_1_405' title='bbox 1948 2821 1994 2861; x_wconf 83' lang='lat' dir='ltr'><strong>et</strong></span> <span class='ocrx_word' id='word_1_406' title='bbox 2021 2816 2243 2861; x_wconf 86' lang='lat' dir='ltr'><strong>moderate</strong></span> <span class='ocrx_word' id='word_1_407' title='bbox 2272 2815 2439 2873; x_wconf 86' lang='lat' dir='ltr'><strong>dolere;</strong></span> 
     </span>
     <span class='ocr_line' id='line_1_35' title="bbox 285 2896 2438 2955; baseline -0 -14"><span class='ocrx_word' id='word_1_408' title='bbox 285 2899 365 2954; x_wconf 89' lang='lat' dir='ltr'><strong>Ep.</strong></span> <span class='ocrx_word' id='word_1_409' title='bbox 396 2898 465 2955; x_wconf 84' lang='lat'><strong>85,</strong></span> <span class='ocrx_word' id='word_1_410' title='bbox 495 2898 552 2940; x_wconf 89' lang='grc'><strong>22</strong></span> <span class='ocrx_word' id='word_1_411' title='bbox 582 2898 729 2952; x_wconf 88' lang='lat' dir='ltr'><strong>itaque</strong></span> <span class='ocrx_word' id='word_1_412' title='bbox 758 2897 803 2940; x_wconf 91' lang='lat' dir='ltr'><strong>in</strong></span> <span class='ocrx_word' id='word_1_413' title='bbox 832 2910 971 2952; x_wconf 91' lang='lat' dir='ltr'><strong>aequo</strong></span> <span class='ocrx_word' id='word_1_414' title='bbox 1016 2901 1080 2940; x_wconf 90' lang='lat' dir='ltr'><strong>est</strong></span> <span class='ocrx_word' id='word_1_415' title='bbox 1121 2896 1251 2953; x_wconf 88' lang='lat' dir='ltr'><strong>longa</strong></span> <span class='ocrx_word' id='word_1_416' title='bbox 1279 2901 1322 2941; x_wconf 89' lang='lat' dir='ltr'><strong>et</strong></span> <span class='ocrx_word' id='word_1_417' title='bbox 1357 2896 1498 2941; x_wconf 90' lang='lat' dir='ltr'><strong>brevis</strong></span> <span class='ocrx_word' id='word_1_418' title='bbox 1528 2897 1627 2941; x_wconf 86' lang='lat' dir='ltr'><strong>vita.</strong></span> <span class='ocrx_word' id='word_1_419' title='bbox 1687 2896 1771 2940; x_wconf 82' lang='lat' dir='ltr'><strong>Ofr.</strong></span> <span class='ocrx_word' id='word_1_420' title='bbox 1802 2897 1915 2940; x_wconf 84' lang='lat' dir='ltr'><strong>Dial.</strong></span> <span class='ocrx_word' id='word_1_421' title='bbox 1946 2897 2041 2955; x_wconf 91' lang='lat' dir='ltr'>VII,</span> <span class='ocrx_word' id='word_1_422' title='bbox 2070 2898 2111 2955; x_wconf 88' lang='grc'><strong>2,</strong></span> <span class='ocrx_word' id='word_1_423' title='bbox 2141 2897 2181 2953; x_wconf 89' lang='grc'>3,</span> <span class='ocrx_word' id='word_1_424' title='bbox 2222 2896 2438 2953; x_wconf 89' lang='lat' dir='ltr'><strong>(similiter</strong></span> 
     </span>
     <span class='ocr_line' id='line_1_36' title="bbox 278 2978 826 3042; baseline 0 -20"><span class='ocrx_word' id='word_1_425' title='bbox 278 2978 375 3033; x_wconf 83' lang='lat' dir='ltr'><strong>jam</strong></span> <span class='ocrx_word' id='word_1_426' title='bbox 406 2978 498 3021; x_wconf 89' lang='lat' dir='ltr'><strong>Liv.</strong></span> <span class='ocrx_word' id='word_1_427' title='bbox 529 2978 695 3042; x_wconf 88' lang='lat' dir='ltr'><strong>locutus</strong></span> <span class='ocrx_word' id='word_1_428' title='bbox 726 2978 826 3034; x_wconf 86' lang='lat' dir='ltr'><strong>est.)</strong></span> 
     </span>
    </p>
   </div>
  </div>
 </body>
</html>
