2767 3489
430 214 571 261 dare
602 215 731 261 Olem.
762 216 796 274 Ι,
829 217 867 275 8,
897 217 924 262 3
954 232 1054 262 nam
1084 218 1181 262 illos
1209 217 1351 277 (deos)
1379 232 1549 275 quoque
1588 218 1752 262 coelum
1795 216 2009 275 adligatos
2046 220 2165 262 tenet
2206 230 2287 263 nec
2307 212 2456 277 'magis

315 296 401 341 illis
433 297 695 342 descendere
725 298 870 342 datum
903 304 968 342 est
998 313 1126 355 quam
1158 299 1234 343 tibi
1264 303 1415 344 tutum.
1475 300 1527 343 N.
1558 298 1606 351 Q.
1640 298 1690 355 V,
1719 300 1758 355 8,
1790 299 1828 342 3.
1871 298 1951 354 Ep.
1990 299 2081 356 124,
2110 299 2138 342 5
2168 303 2212 342 et
2240 299 2308 343 20.

430 377 652 422 hortari
684 378 795 422 Dial.
826 378 881 435 11,
908 380 971 436 16,
992 380 1019 423 3
1051 384 1232 435 utraque
1261 381 1459 438 exempla
1487 380 1710 424 hortantur
1738 383 2010 423 contemnere
2038 377 2231 435 injurias.
2290 378 2450 435 (Etiam

313 456 461 503 Cicero
492 459 651 515 aliique
681 473 716 503 c.
745 458 858 503 infin.
889 459 1188 518 conjungunt.)

430 539 775 584 interdicere
814 540 891 597 Ep.
936 542 1030 598 116,
1065 542 1083 584 1
1129 554 1229 585 nam
1269 555 1365 586 cum
1405 541 1482 586 tibi
1513 553 1667 598 cupere
1703 539 1974 585 interdixere.
2015 540 2212 598 (Praeter
2241 539 2448 585 Senecam

315 620 392 664 soli
422 619 594 664 Sueton.
626 624 668 665 et
696 620 815 665 Paul.
849 621 947 679 Dig.
977 621 1154 666 verbum
1182 621 1464 667 interdicendi
1495 636 1590 667 cum
1618 621 1692 665 inf.
1718 621 1990 678 junxerunt.)

429 714 583 745 mone
598 714 656 745 re
696 702 774 758 Ep.
807 703 875 759 24,
907 704 960 746 16
1012 701 1136 754 Quod
1182 702 1326 747 facere
1369 709 1412 747 te
1455 716 1615 747 moneo.
1680 701 1848 759 (Cicero
1877 715 2047 759 quoque
2073 701 2152 747 hoc
2181 702 2357 747 verbum
2387 701 2449 746 sic

313 782 538 838 usurpavit
566 781 621 825 de
641 782 731 826 Fin.
755 784 787 840 Ι,
818 784 886 839 20,
916 783 994 827 sed
1023 797 1106 826 non
1137 782 1286 826 addita
1315 797 1507 840 persona,
1538 796 1648 838 quae
1676 781 1899 840 monetur.)

430 862 764 919 permittere
795 862 906 907 Dial.
939 863 971 920 I,
995 865 1035 920 6,
1065 864 1093 908 5
1124 863 1295 920 permisi
1326 865 1446 908 vobis
1473 863 1702 907 metuenda
1731 869 2014 920 contemnere,
2045 862 2300 920 cupiditates
2330 863 2446 906 fasti-

313 941 415 986 dire.
467 942 579 986 Dial.
609 944 686 1000 ΙΙΙ,
718 944 756 999 7,
786 944 825 987 4.
859 943 930 1000 IV,
960 944 1029 1000 33,
1060 944 1097 987 6.
1128 944 1177 1000 V,
1212 945 1276 1000 16,
1306 945 1347 987 4.
1377 945 1449 1001 VI,
1480 945 1518 1001 8,
1549 945 1585 987 3.
1616 943 1710 1001 VII,
1742 945 1809 1001 24,
1839 945 1879 988 4.
1912 944 2031 999 VIII,
2062 944 2102 1000 6,
2132 944 2171 987 3.
2203 943 2280 1000 IX,
2314 943 2378 1000 10,
2408 944 2446 988 5.

313 1021 367 1077 X,
402 1023 467 1078 13,
497 1024 536 1066 6.
584 1022 661 1080 XI,
695 1025 733 1080 7,
762 1025 800 1067 4.
845 1024 947 1067 Ben.
980 1024 1013 1081 I,
1045 1025 1084 1081 3,
1115 1024 1155 1068 2.
1198 1024 1271 1078 IV,
1306 1025 1371 1081 12,
1402 1025 1442 1068 2.
1487 1024 1559 1080 IV,
1590 1025 1657 1081 26,
1691 1026 1726 1067 1.
1769 1024 1843 1081 IV,
1874 1024 1942 1081 29,
1976 1026 2012 1067 1.
2051 1023 2125 1080 VI,
2155 1023 2223 1080 31,
2260 1024 2323 1067 11.
2354 1022 2449 1079 VII,
2499 1054 2504 1057 -

311 1104 351 1159 5,
381 1104 421 1146 3.
454 1103 506 1146 N.
533 1103 580 1155 Q.
604 1104 660 1161 11,
691 1104 760 1161 35,
793 1106 828 1149 1.
863 1105 942 1162 ΙΙΙ,
976 1106 1041 1162 18,
1077 1106 1107 1148 1.
1140 1104 1189 1161 V,
1214 1105 1279 1161 15,
1313 1106 1349 1149 1.
1381 1104 1452 1162 VI,
1486 1105 1609 1162 19,1.
1650 1103 1728 1160 Ep.
1765 1105 1828 1161 13,
1862 1105 1923 1148 17.
1960 1105 2024 1161 19,
2046 1106 2085 1148 8.
2118 1105 2186 1160 24,
2218 1104 2255 1147 9.
2285 1104 2445 1161 47,14.

312 1185 382 1241 52,
415 1186 437 1227 1
470 1188 513 1227 et
546 1185 609 1228 14.
640 1186 709 1242 58,
740 1186 776 1229 6.
814 1186 882 1242 59,
915 1187 949 1229 1.
990 1186 1058 1242 66,
1088 1186 1156 1229 48.
1201 1185 1269 1241 68,
1301 1185 1340 1229 8.
1387 1187 1452 1242 79,
1485 1186 1520 1228 7.
1560 1186 1628 1241 80,
1661 1186 1695 1229 1.
1738 1185 1806 1241 85,
1840 1185 1904 1230 12.
1937 1185 2005 1242 90,
2035 1186 2104 1230 37.
2143 1186 2212 1242 91,
2242 1185 2280 1228 2.
2320 1186 2389 1241 97,
2419 1186 2445 1228 8

311 1278 396 1319 quo
426 1264 626 1321 (Catone)
658 1265 833 1309 sedente
863 1266 1045 1322 populus
1075 1270 1258 1322 negatur
1288 1265 1532 1321 permisisse
1562 1265 1643 1308 sibi
1673 1265 1901 1321 postulare.
1942 1265 2019 1321 Ep.
2050 1266 2119 1322 99,
2152 1266 2215 1308 16.
2251 1265 2345 1322 107,
2380 1266 2445 1308 10.

314 1345 409 1401 116,
444 1347 463 1388 1
497 1349 540 1389 et
570 1346 597 1388 2
631 1350 673 1389 et
701 1346 740 1388 4.
774 1345 868 1402 121,
899 1347 937 1388 5.
968 1346 1197 1402 (Exempla
1226 1344 1358 1400 hujus
1390 1350 1626 1389 structurae
1656 1345 1852 1400 quamvis
1882 1359 1906 1389 e
1936 1345 2154 1389 Ciceronis
2183 1328 2448 1401 aliorumque

309 1425 429 1469 libris
460 1425 705 1483 afferantur,
743 1430 886 1470 tamen
919 1440 1135 1483 perpauca
1164 1431 1273 1469 sunt.
1341 1427 1390 1469 In
1432 1431 1674 1470 transcursu
1716 1439 1996 1469 commemoro
2027 1425 2107 1469 hoc
2138 1426 2316 1469 verbum
2345 1438 2442 1469 cum

310 1507 547 1563 gerundivo
586 1507 861 1564 conjunctum
909 1506 1091 1551 inveniri
1129 1507 1207 1565 Ep.
1247 1507 1315 1565 62,
1360 1508 1387 1552 3
1445 1506 1683 1551 Demetrius
1724 1510 1867 1551 autem
1906 1510 2052 1550 noster
2091 1505 2152 1550 sic
2190 1505 2318 1562 vivit,
2360 1521 2443 1549 non

310 1593 528 1643 tamquam
558 1587 859 1645 contempserit
896 1588 1049 1644 omnia,
1079 1587 1157 1632 sed
1187 1592 1406 1645 tamquam
1438 1587 1534 1632 aliis
1564 1587 1765 1633 habenda
1793 1585 2062 1645 permiserit).

425 1670 764 1726 praecipere
795 1669 906 1713 Dial.
930 1670 1024 1726 VII,
1047 1670 1085 1724 8,
1114 1672 1131 1712 l
1165 1669 1350 1724 ideoque
1381 1673 1687 1725 praeceperunt
1716 1673 1884 1712 veteres
1915 1668 2119 1725 optimam
2149 1668 2271 1724 sequi
2301 1668 2446 1726 vitam,

308 1763 393 1794 non
420 1748 791 1805 jucundissimam.
831 1750 989 1804 (Etiam
1022 1750 1170 1794 Cicero
1200 1749 1262 1793 sic
1293 1750 1433 1803 dixit.)

427 1844 491 1887 pe
505 1831 704 1875 rsuade
719 1846 776 1875 re
810 1831 918 1875 Dial.
940 1831 994 1888 X,
1020 1832 1083 1887 13,
1105 1833 1134 1874 4
1164 1832 1258 1886 quis
1279 1831 1482 1874 Romanis
1513 1831 1674 1887 primus
1696 1830 1953 1887 persuaserit
1973 1843 2127 1874 navem
2149 1829 2443 1875 conscendere.

310 1910 504 1967 (Praeter
533 1910 754 1969 Senecam,
785 1913 821 1956 si
852 1913 959 1956 fides
991 1912 1127 1956 lexico
1158 1927 1185 1955 a
1216 1912 1439 1955 Forcellin.
1470 1911 1661 1955 confecto
1692 1911 1891 1956 habenda
1920 1915 1997 1969 est,
2035 1911 2181 1968 Nepos
2212 1915 2254 1955 et
2283 1909 2448 1955 Gellius

308 1993 387 2035 soli
418 1992 480 2035 sic
508 1992 740 2049 dixerunt.)

427 2072 643 2117 suadeo
677 2073 783 2117 Dial.
816 2073 865 2130 V,
897 2073 966 2130 32,
997 2074 1024 2118 3
1060 2073 1156 2131 Ego
1190 2087 1294 2117 vero
1323 2072 1431 2116 nihil
1460 2072 1600 2129 magis
1631 2072 1836 2116 suaserim
1871 2084 1999 2127 quam
2029 2085 2196 2116 sumere
2225 2071 2445 2129 ingentem

310 2153 510 2197 animum.
551 2153 681 2198 Clem.
712 2154 746 2211 Ι,
783 2155 845 2211 12,
874 2155 911 2197 4.
959 2154 1037 2211 Ep.
1068 2156 1136 2209 24,
1167 2155 1205 2198 4.
1250 2155 1345 2210 109,
1379 2156 1443 2198 15.
1492 2152 1653 2209 (Etiam
1684 2153 1832 2197 Cicero
1861 2166 1957 2197 cum
1985 2153 2100 2197 infin.
2133 2151 2388 2208 conjunxit.)

425 2233 724 2277 Praetermitto
755 2234 930 2278 verbum
966 2234 1229 2292 prohibendi,
1268 2234 1383 2290 quod
1413 2234 1491 2291 Ep.
1526 2235 1593 2291 85,
1623 2235 1678 2279 38
1709 2238 1751 2279 et
1781 2234 1850 2292 92,
1887 2235 1944 2278 26
1972 2233 2113 2291 ipsum
2144 2247 2314 2290 quoque
2350 2246 2446 2278 cum

308 2315 382 2359 ins.
410 2315 610 2371 junctum
641 2320 795 2371 exstat,
825 2320 1054 2372 propterea
1084 2316 1197 2371 quod
1228 2315 1391 2360 Caesar
1419 2315 1576 2369 ubique
1605 2315 1693 2359 fere
1721 2315 1801 2359 hoc
1831 2315 2008 2359 verbum
2038 2314 2101 2358 sic
2130 2313 2365 2370 usurpavit.

424 2396 515 2438 Iam
548 2409 649 2439 vero
680 2394 971 2453 adjungamus
1008 2395 1242 2453 adjectiva,
1285 2409 1397 2450 quae
1436 2400 1606 2452 praeter
1646 2409 1805 2439 morem
1845 2399 2064 2452 receptum
2103 2408 2200 2439 eum
2237 2393 2445 2438 infinitivo

307 2475 539 2531 conjuncta
568 2480 679 2519 sunt.

423 2560 703 2600 contentu
722 2569 742 2599 s
772 2556 884 2599 Dial.
911 2557 961 2611 V,
984 2558 1052 2613 24,
1077 2559 1096 2600 1
1130 2556 1202 2600 ille
1232 2562 1376 2600 tamen
1407 2560 1627 2600 contentus
1656 2556 1737 2599 fuit
1767 2570 1794 2599 a
1823 2555 2107 2599 conviciatore
2136 2569 2213 2599 suo
2235 2555 2447 2599 secedere.

310 2636 426 2691 v111,
457 2637 497 2691 5,
528 2637 566 2678 o.
612 2636 745 2679 mem.
779 2637 811 2691 1,
844 2637 913 2692 21,
943 2638 981 2678 3.
1025 2637 1079 2692 11,
1108 2618 1148 2692 4,
1183 2638 1217 2679 1.
1261 2636 1365 2680 Ben.
1399 2637 1432 2692 1,
1472 2639 1506 2691 1,
1537 2638 1575 2679 5.
1613 2636 1686 2693 1v,
1716 2637 1782 2693 11,
1819 2638 1850 2679 1.
1882 2635 1977 2693 vn,
2010 2636 2075 2693 16,
2104 2637 2142 2680 4.
2180 2634 2276 2693 vn,
2305 2635 2374 2692 30,
2403 2635 2444 2680 2.

306 2716 383 2771 Ep.
420 2718 484 2771 17,
519 2718 559 2759 4.
591 2718 661 2772 58,
691 2718 718 2759 6
749 2716 930 2759 fortasse
963 2722 1186 2759 contentus
1215 2731 1288 2761 ero
1320 2716 1425 2759 mihi
1455 2716 1593 2761 licere.
1636 2717 1714 2774 Ep.
1750 2717 1816 2773 75,
1848 2717 1883 2760 2.
1927 2717 1994 2773 76,
2025 2716 2091 2760 29.
2124 2716 2191 2773 79,
2224 2716 2288 2761 11.
2321 2716 2390 2773 85,
2423 2717 2444 2760 1

306 2802 348 2839 et
377 2799 445 2839 41.
478 2798 545 2853 89,
577 2798 645 2840 20.
684 2799 753 2854 95,
789 2802 851 2841 10.
888 2799 980 2855 111,
1009 2799 1048 2840 4.
1085 2798 1177 2854 119,
1211 2799 1273 2841 14.
1306 2797 1417 2855 (Hac
1449 2796 1670 2855 locutione,
1700 2796 1825 2854 cujus
1855 2797 1947 2842 loco
1978 2796 2095 2854 apud
2124 2795 2286 2854 priores
2317 2796 2447 2854 „satis

308 2878 490 2921 habere“
518 2879 701 2921 inveniri
731 2883 876 2921 notum
907 2883 984 2935 est,
1015 2882 1185 2935 praeter
1215 2878 1423 2922 Senecam
1448 2878 1655 2938 Velleius,
1685 2883 1864 2938 uterque
1888 2878 2064 2940 Plinius,
2094 2875 2268 2932 Quintil.
2299 2876 2374 2922 alii
2404 2881 2447 2928 et

307 2974 358 3005 ex
391 2959 527 3027 poetis
558 2958 695 3016 ovid,
727 2960 867 3004 Valer.
897 2959 1058 3017 Flacc.,
1090 2959 1221 3003 Silius
1252 2960 1319 3004 usi
1350 2960 1474 3017 sunt).
