2767 3489
1341 129 1397 177 27

419 255 734 303 intendere
752 257 863 303 Diui
884 259 941 318 Π,
961 260 1004 317 4,
1032 261 1054 304 1
1085 258 1222 304 etiam-
1245 272 1342 304 eum
1372 262 1793 317 potentes—nocere
1821 257 2060 304 intendunt.
2090 257 2313 317 (Similiter
2339 262 2437 304 ante

306 338 514 384 Senecam
539 338 635 394 jam
665 338 838 384 Sallust.
870 344 912 383 et
941 340 1033 383 Liv.
1063 339 1193 383 locuti
1223 339 1353 396 sunt.)

420 418 632 464 luctari
671 419 722 462 N.
753 418 803 472 Q„
831 420 896 476 11,
928 421 977 463 17
1020 424 1064 463 et
1101 419 1204 463 dum
1245 420 1430 463 luctatur
1457 419 1670 483 (spititus)
1706 434 1779 476 per
1815 419 2033 463 obstantia
2070 424 2198 475 atque
2235 420 2438 464 intercisa

309 498 479 556 vadere,
507 498 603 555 ipsa
630 498 774 557 ignem
804 499 910 556 fuga
938 498 1143 544 accendit.
1175 499 1350 556 (Vergil.
1383 503 1426 544 et
1455 498 1657 544 Ovidium
1687 499 1875 543 imitatus
1905 501 2000 556 est.)

422 583 679 623 metuere
708 579 821 624 Dial.
852 579 931 636 IX,
961 580 1095 636 17,1.

420 671 640 703 merere
670 658 782 703 Dial.
812 659 892 717 ΙΙΙ,
926 660 991 716 17,
1020 660 1047 703 6
1078 658 1151 714 qui
1181 658 1322 716 perire
1353 664 1608 704 meruerunt.
1644 659 1723 716 Ep.
1742 660 1811 716 93,
1839 661 1898 703 10.
1928 659 2058 703 Clem.
2088 661 2121 718 I,
2151 662 2193 717 5,
2221 661 2249 704 6
2278 659 2438 703 meritis

304 739 509 784 amittere.
547 739 675 784 Clem.
701 741 736 797 1,
764 741 806 797 6,
834 740 873 783 3.
908 738 1050 797 (Ovid
1067 745 1109 782 et
1120 739 1258 783 Valer.
1287 739 1427 783 Flacc.
1455 753 1625 795 quoque
1656 753 1752 784 cum
1781 740 1855 783 inf.
1886 740 2164 797 conjungunt,
2193 756 2289 785 cum
2319 741 2437 797 apud

306 818 554 864 Ciceronem
583 820 775 876 aliosque
804 823 860 863 ut
889 820 959 863 vel
988 834 1017 863 n
1031 833 1055 863 e
1084 820 1317 875 sequatur.)

419 899 625 957 subige
639 914 692 945 re
721 900 800 957 Ep.
829 901 899 957 85,
926 900 981 944 41
1014 899 1104 956 pati
1133 899 1348 957 subigunt.
1393 899 1585 957 (Sallust.
1615 905 1658 944 et
1687 899 1902 956 Vergilius
1931 901 2233 957 praeiverunt.)

420 980 707 1026 sustinere
746 981 858 1026 Dial.
889 981 968 1038 III,
1003 982 1067 1038 10,
1094 983 1134 1026 3.
1166 981 1266 1038 XII,
1296 983 1337 1038 9,
1366 983 1391 1025 6
1437 982 1557 1026 Idem
1585 982 1742 1025 Brutus
1783 983 1844 1025 ait
1875 983 1918 1025 G.
1950 982 2179 1025 Caesarem
2207 983 2437 1040 Mytilenos

304 1066 656 1119 praeter-vectum,
686 1062 789 1118 quia
817 1077 899 1107 non
929 1062 1159 1107 sustineret
1187 1061 1333 1107 videre
1364 1062 1645 1107 deformatum
1666 1063 1815 1107 virum.
1859 1063 1988 1107 Clem.
2011 1064 2044 1120 1,
2071 1064 2135 1120 19,
2155 1067 2194 1108 5.
2243 1064 2344 1108 Ben.
2368 1065 2437 1121 IV,

308 1145 373 1201 15,
403 1144 442 1187 3.
473 1143 526 1187 N.
556 1142 604 1195 Q.
636 1144 713 1202 111,
743 1145 783 1201 8,
814 1145 850 1187 6.
897 1144 975 1201 Ep.
1006 1145 1075 1201 47,
1106 1145 1144 1187 8.
1175 1145 1242 1201 86,
1278 1145 1340 1187 16.
1371 1143 1591 1201 (Ovidium
1620 1143 1811 1187 imitatus
1841 1157 1934 1188 csse
1966 1144 2164 1202 videtur.)

419 1229 695 1280 temptare
726 1224 835 1267 Dial.
858 1225 913 1281 II,
933 1226 974 1281 4,
1000 1227 1016 1267 1
1054 1223 1167 1275 Quid
1191 1225 1326 1281 ergo?
1356 1239 1439 1268 non
1468 1225 1551 1268 erit
1579 1224 1747 1281 aliquis,
1776 1225 1850 1280 qui
1880 1225 2064 1282 sapienti
2096 1225 2240 1269 facere
2260 1230 2436 1283 temptet

303 1304 535 1360 injuriam?
568 1306 646 1361 ΙΙΙ,
677 1307 717 1362 6,
747 1307 785 1348 2.
817 1306 895 1361 ΙΙΙ,
930 1307 992 1361 16,
1013 1308 1051 1349 2.
1082 1306 1153 1362 lv,
1183 1308 1252 1361 29,
1276 1309 1312 1349 l.
1343 1306 1392 1362 V,
1427 1309 1462 1362 1,
1496 1311 1531 1349 1.
1563 1305 1613 1361 V,
1643 1306 1713 1361 43,
1741 1311 1773 1349 1.
1806 1306 1906 1349 Ben.
1930 1307 2006 1362 ΙΙΙ,
2041 1307 2105 1361 12,
2136 1307 2176 1348 4.
2209 1306 2278 1362 IV,
2308 1308 2376 1362 29,
2403 1309 2435 1349 1.

299 1381 357 1429 N.
389 1384 438 1437 Q.
468 1386 527 1429 IV
557 1386 745 1430 Prooem.
776 1387 845 1431 20.
889 1387 968 1442 Ep.
998 1388 1069 1444 94,
1097 1389 1166 1430 31.
1203 1387 1379 1443 (Poetae
1407 1392 1449 1430 et
1485 1400 1539 1430 ex
1577 1400 1728 1441 prosae
1758 1387 1960 1429 orationis
1989 1387 2263 1443 scriptoribus
2293 1387 2436 1444 Nepos

306 1480 403 1511 cum
433 1466 547 1510 infin.
578 1466 923 1523 conjunxerunt.)

423 1546 624 1591 timere
666 1547 777 1592 Dial.
809 1547 857 1604 V,
897 1549 967 1604 32,
1000 1552 1034 1591 1.
1081 1547 1211 1592 Clem.
1256 1549 1317 1605 ΙΙ,
1358 1549 1397 1602 6,
1429 1549 1468 1592 2.
1513 1548 1593 1604 Ep.
1625 1548 1666 1604 3,
1697 1547 1736 1591 3.
1769 1549 1843 1603 29,
1890 1551 1910 1591 1
1944 1547 2059 1602 quod
2100 1548 2250 1591 audire
2292 1561 2439 1591 verum

303 1627 434 1672 timet.
484 1627 560 1685 Ep.
591 1629 659 1686 65,
688 1628 755 1672 24.
785 1627 945 1686 (Etiam
976 1627 1062 1673 Cic.
1092 1627 1226 1673 verba
1254 1627 1432 1673 timendi
1462 1632 1505 1672 et
1535 1626 1752 1672 metuendi
1784 1627 1844 1672 sic
1875 1627 2127 1686 usurpavit.)

422 1713 590 1753 vacat
619 1729 677 1747 =
705 1710 837 1753 otium
867 1714 942 1753 est.
1001 1709 1112 1753 Dial.
1146 1711 1218 1767 VI,
1251 1711 1316 1767 19,
1346 1711 1384 1753 3.
1415 1709 1468 1766 X,
1502 1711 1568 1764 10,
1599 1710 1626 1751 2
1656 1722 1735 1753 nec
1775 1709 1889 1752 enim
1926 1709 2011 1753 illis
2052 1713 2177 1753 vacat
2208 1709 2441 1766 praeterita

306 1788 530 1845 respicere.
591 1789 693 1833 Ben.
726 1789 795 1846 IV,
823 1790 891 1847 20,
921 1791 959 1833 3.
1003 1790 1055 1834 N.
1087 1789 1136 1842 Q.
1169 1790 1245 1847 ΙΙΙ,
1275 1792 1344 1846 27,
1379 1790 1440 1833 12.
1488 1789 1567 1845 Ep.
1598 1790 1666 1846 47,
1698 1790 1734 1832 7.
1774 1790 1842 1845 56,
1874 1790 1911 1832 9.
1957 1790 2051 1846 109,
2086 1792 2148 1834 17.
2182 1789 2440 1846 (Poetarum,

310 1873 358 1913 ut
386 1869 563 1926 Vergilii
593 1883 830 1914 sermonem
858 1870 1049 1913 imitatus
1077 1871 1174 1927 est.)

417 1948 507 2007 Eis,
543 1963 654 2006 quae
685 1949 916 2007 attulimus,
963 1949 1103 1995 verbis
1132 1949 1410 2006 adjungimus
1440 1963 1504 2006 ea,
1550 1963 1662 2004 quae
1707 1949 2029 2004 conjunctiones
2067 1955 2141 2006 ut,
2185 1965 2272 2007 ne,
2311 1965 2441 2005 quo-

305 2028 486 2075 minus
516 2028 636 2088 sequi
666 2029 815 2076 solent.

421 2109 718 2155 adhortari
746 2110 857 2155 Dial.
887 2111 936 2170 V,
970 2112 1036 2170 15,
1065 2111 1092 2156 3
1123 2123 1207 2156 non
1237 2110 1557 2156 adhortabimur
1587 2109 1699 2156 ferre
1727 2109 1921 2168 imperia-
1938 2110 2194 2156 carnificum.

421 2190 707 2250 contingit
745 2191 854 2236 Dial
886 2192 941 2251 II,
976 2193 1040 2251 13,
1069 2193 1098 2237 4
1128 2191 1272 2237 Habes
1309 2191 1388 2236 sub
1428 2196 1470 2237 te
1507 2191 1689 2237 Parthos
1729 2196 1771 2236 et
1800 2190 1947 2236 Medos
1986 2196 2029 2238 et
2060 2191 2319 2250 Bactrianos,
2358 2192 2434 2238 scd

305 2285 412 2329 quos
441 2276 557 2318 metu
587 2271 792 2330 contines,
823 2272 902 2318 sed
931 2277 1104 2331 propter
1133 2286 1238 2330 quos
1270 2272 1482 2318 remittere
1495 2285 1650 2319 *arcum
1673 2272 1750 2317 tibi
1770 2287 1854 2317 non
1875 2272 2065 2330 contigit,
2095 2272 2170 2317 sed
2192 2278 2435 2330 postremos,

305 2352 384 2399 sed
416 2352 605 2411 venales,
646 2352 724 2399 sed
753 2367 908 2399 novum
940 2358 1205 2411 aucupantes
1241 2352 1485 2399 dominium.
1533 2354 1583 2411 V,
1613 2354 1682 2411 39,
1717 2356 1751 2398 1.
1792 2353 1862 2411 VI,
1897 2354 1960 2411 13,
1986 2357 2024 2397 4.
2067 2353 2137 2411 VI,
2172 2355 2234 2410 15,
2265 2356 2303 2398 4.
2345 2354 2436 2398 VII.

304 2435 375 2492 24,
404 2436 444 2480 4.
477 2434 570 2493 VII,
601 2435 670 2491 27,
699 2435 739 2480 5.
783 2435 895 2493 VIII,
930 2438 966 2494 1,
996 2436 1035 2480 2.
1080 2434 1180 2493 ΧΠ,
1213 2436 1278 2492 18,
1308 2436 1345 2479 6.
1404 2434 1532 2479 Clem.
1567 2435 1600 2491 l,
1629 2437 1669 2492 5,
1703 2436 1737 2478 7.
1769 2434 1802 2491 I,
1833 2435 1873 2491 8,
1900 2436 1939 2479 4.
1997 2435 2098 2478 Ben.
2130 2435 2185 2491 ΙΙ,
2215 2436 2254 2492 2,
2284 2437 2325 2478 2.
2367 2436 2437 2492 Ν,

305 2516 375 2572 37,
410 2518 445 2560 1.
484 2515 555 2572 VI,
585 2515 654 2573 29,
689 2519 722 2558 1.
763 2515 857 2573 VII,
890 2518 955 2572 14,
984 2517 1022 2559 4.
1068 2516 1148 2572 Ep.
1185 2517 1249 2572 19,
1279 2516 1307 2558 5
1337 2519 1379 2558 et
1420 2516 1458 2558 8.
1502 2517 1572 2572 22,
1619 2519 1679 2558 11.
1718 2517 1785 2572 24,
1817 2517 1853 2559 6.
1906 2515 1973 2571 27,
2012 2517 2050 2558 4.
2087 2516 2157 2571 31,
2187 2517 2226 2559 4.
2269 2517 2338 2573 42,
2374 2519 2438 2573 10,

304 2597 374 2654 66,
402 2596 471 2639 42.
503 2597 571 2653 71,
600 2597 627 2638 9
659 2601 702 2640 et
731 2597 798 2639 37.
830 2598 897 2654 75,
926 2597 965 2641 9.
1007 2597 1073 2653 77,
1103 2597 1172 2640 20.
1212 2596 1281 2652 87,
1314 2597 1376 2639 17.
1416 2596 1484 2652 90,
1512 2599 1579 2639 20.
1619 2597 1688 2652 98,
1717 2598 1754 2639 8.
1799 2598 1893 2651 101,
1926 2597 1990 2639 15.
2034 2595 2131 2652 115,
2160 2597 2200 2639 6.
2244 2597 2337 2653 117,
2369 2597 2435 2640 20.

306 2676 468 2733 (Hujus
497 2681 736 2720 structurae
763 2677 882 2733 apud
912 2677 1017 2720 alios
1047 2676 1272 2732 scriptores
1302 2689 1440 2732 pauca
1469 2676 1668 2732 exempla
1699 2676 1898 2732 exstant.)

420 2756 763 2801 consentire
791 2756 901 2801 Dial.
931 2756 1046 2813 VIII,
1078 2757 1115 2812 7,
1146 2757 1173 2799 2
1204 2755 1259 2800 de
1289 2770 1372 2811 quo
1402 2756 1514 2800 male
1543 2755 1785 2799 existimare
1816 2755 2117 2799 consensimus.
2155 2756 2322 2811 (Cicero
2343 2757 2437 2812 ipse

301 2851 472 2894 quoque
500 2836 564 2881 sic
592 2838 756 2882 locutus
787 2843 853 2882 est
868 2838 1018 2900 Agrar.
1039 2838 1072 2897 1,
1101 2839 1141 2900 5,
1172 2851 1268 2885 cum
1299 2836 1407 2886 alias
1440 2836 1629 2885 homines
1661 2837 1900 2882 consentire
1925 2836 1983 2880 ad
2004 2836 2249 2880 faciendum
2269 2837 2437 2892 aliquid

304 2916 538 2983 dieantur.)

2229 3009 2278 3056 4.
