2767 3489
1341 142 1395 185 15

332 302 334 304 »
399 272 465 315 ’111
494 283 681 329 aequo
711 270 920 314 habere
957 270 1087 314 Glem.
1119 269 1154 326 1,
1183 268 1254 325 26,
1283 269 1315 312 4
1342 266 1430 312 Sed
1458 272 1640 313 externa
1667 278 1831 322 suaque
1852 266 1899 309 in
1928 279 2065 322 aequo
2093 266 2235 312 habet.

408 351 461 396 in
491 364 672 408 aequo
704 364 917 408 ponere
955 346 1068 393 Dial.
1099 349 1150 406 V,
1179 348 1249 404 28,
1277 347 1307 391 4
1336 347 1455 403 atqui
1483 346 1530 389 111
1559 358 1697 402 aequo
1726 347 1936 404 ponimus,
1966 351 2289 392 utrum—an—.

413 446 479 478 ex
510 433 630 477 alto
659 431 737 488 Ep.
768 432 836 489 85,
866 432 923 475 29
978 429 1067 474 Sed
1095 442 1181 473 non
1220 427 1342 472 timet
1371 426 1455 484 (vir
1484 425 1638 484 fortis).
1696 427 1881 472 invictus
1921 441 1974 471 ex
2010 426 2098 471 alto
2136 427 2301 473 dolores
2339 442 2439 473 suos

299 517 478 570 spectat.
538 512 632 557 Hoc
671 513 764 556 loco
807 522 885 568 per
911 525 991 568 „ex
1034 508 1147 554 alto“
1183 507 1315 553 idem·
1337 507 1427 552 fere
1463 505 1731 565 significatur
1768 521 1819 551 ac
1858 508 1958 552 Ben.
1990 508 2085 565 VH,
2118 510 2158 566 3,
2187 509 2215 552 2
2255 523 2332 566 per
2359 524 2438 567 „ex

300 593 451 638 edito“.
510 593 737 638 Contraria
766 593 832 637 vis
849 593 975 637 ,inest
1003 590 1115 635 Dial.
1145 589 1218 647 111,
1250 590 1316 647 19,
1346 589 1375 633 5
1404 588 1441 632 si
1469 588 1684 645 intellegit
1711 602 1795 632 non
1826 602 1880 633 ex
1909 589 1995 633 alto
2015 589 2163 633 venire
2192 590 2442 647 nequitiam,

299 674 379 718 sed
406 688 585 732 summo,
617 674 732 730 quod
761 673 898 730 ajunt,
927 672 1070 716 animo
1098 671 1335 715 inhaerere.

414 754 464 797 in
495 754 610 798 alto
640 767 767 798 esse
805 753 885 809 Ep.
916 753 986 808 80,
1017 753 1044 796 6
1074 742 1194 795 nulla
1221 749 1461 795 sollicitudo
1487 750 1535 793 in
1564 751 1651 794 alto
1681 754 1757 795 est

412 834 468 877 in
497 838 695 891 aperto
735 833 813 889 Ep.
836 832 904 890 70,
934 832 993 876 24
1036 830 1080 874 in
1110 833 1259 888 aperto
1290 843 1367 874 nos
1394 834 1550 874 natura
1579 829 1775 888 custodit,
1804 830 1877 873 ubi
1908 831 1976 888 „in
2006 832 2179 888 aperto“
2210 846 2293 875 11011
2322 832 2437 876 1110111

298 918 366 957 est
396 919 526 970 atque
553 915 600 956 in
629 918 778 970 aperto
809 913 914 969 loco,
943 917 991 955 ut
1020 911 1138 968 apud
1157 910 1251 955 Liv.
1283 910 1317 967 Ι,
1347 911 1403 954 33
1434 915 1476 955 et
1496 910 1605 955 Plin.
1628 911 1683 967 X,
1713 912 1752 967 8,
1783 911 1810 954 9
1841 915 1884 955 et
1912 911 2029 968 apud
2059 911 2267 956 Senecam
2294 913 2433 970 ipsum

299 994 378 1050 Ep.
399 994 493 1050 102,
511 995 579 1050 23,
613 993 702 1050 sed,
731 993 815 1036 nisi
844 992 981 1048 fallor,
1012 992 1207 1035 similiter
1235 996 1486 1047 usurpatum
1516 994 1647 1045 atque
1667 1005 1695 1034 a
1711 990 1862 1035 Tacito
1883 992 1927 1035 in
1958 997 2107 1048 aperto
2130 1005 2225 1037 esse
2241 1012 2299 1031 =
2314 993 2440 1037 facile

296 1087 403 1118 esse.
463 1062 542 1117 Oui
574 1074 713 1118 simile
743 1077 820 1130 est,
850 1072 965 1128 quod
994 1075 1136 1116 exstat
1165 1072 1268 1116 Ben.
1299 1071 1369 1128 IV,
1398 1071 1467 1129 32,
1500 1072 1522 1115 1
1555 1075 1657 1115 nota
1687 1071 1801 1116 enim
1828 1071 1914 1116 illis
1944 1071 2075 1130 (deis)
2105 1077 2169 1117 est
2198 1073 2339 1131 operis
2370 1074 2436 1117 sui

294 1154 429 1199 series
447 1155 719 1210 omniumque
747 1154 833 1197 illis
864 1168 1002 1198 rerum
1032 1167 1135 1197 suas
1163 1167 1239 1209 per
1264 1166 1416 1196 manus
1444 1153 1652 1196 iturarum
1683 1152 1865 1196 scientia
1884 1152 1928 1196 in
1948 1158 2095 1210 aperto
2116 1167 2283 1210 semper
2300 1159 2364 1198 est
2380 1173 2438 1191 =

293 1237 340 1279 in
370 1240 567 1293 promptu
597 1240 671 1280 est.

413 1331 478 1361 ex
509 1321 709 1374 aperto
752 1316 830 1372 Ep.
866 1316 960 1372 104,
996 1317 1049 1359 12
1079 1315 1183 1371 quia
1212 1329 1296 1358 non
1326 1328 1378 1358 ex
1408 1319 1557 1372 aperto
1585 1313 1632 1357 fit
1657 1334 1718 1366 ‚=
1747 1315 1901 1371 palam.

413 1398 467 1441 in
510 1402 691 1441 artum
729 1397 840 1440 Dial.
872 1397 944 1453 VI,
989 1398 1052 1454 16,
1095 1398 1111 1439 1
1167 1396 1213 1439 111
1254 1401 1392 1439 artum
1427 1395 1670 1452 retraxisse,
1729 1396 1783 1452 X,
1813 1397 1852 1453 6,
1889 1398 1918 1439 4
1968 1396 2059 1440 vita
2093 1396 2138 1440 in
2178 1397 2435 1442 artissimum

299 1478 587 1534 contrahetur,
618 1477 832 1535 (similiter
861 1477 1006 1520 Horat.
1039 1481 1080 1520 et
1108 1476 1215 1519 Plin.
1245 1476 1347 1532 maj.
1378 1475 1507 1520 locuti
1536 1475 1665 1533 sunt’).

411 1557 464 1600 in
494 1570 695 1601 averso
734 1557 813 1613 Ep.
840 1558 906 1613 79,
929 1558 956 1599 3
985 1556 1048 1599 ita
1079 1556 1217 1613 gloria
1244 1556 1477 1611 aliquando
1509 1560 1609 1598 ante
1639 1568 1717 1598 nos
1748 1560 1815 1599 est
1845 1556 2153 1613 visendamque
2175 1572 2222 1601 se
2251 1560 2437 1616 praebet,

295 1638 529 1693 aliquando
559 1638 604 1681 in
634 1652 785 1681 averso
816 1643 900 1694 est,
940 1638 1016 1681 ubi
1047 1637 1116 1695 „in
1146 1650 1298 1681 averso
1328 1636 1418 1681 est“
1458 1635 1686 1692 respondet
1723 1635 1785 1693 ei,
1823 1636 1938 1692 quod
1976 1638 2195 1693 praecedit
2234 1653 2287 1697 „a
2315 1644 2436 1697 tergo

296 1718 398 1775 est“,
427 1717 507 1775 (sic
540 1718 707 1762 Seneca
736 1719 851 1762 solus
882 1719 1047 1761 locutus
1078 1730 1173 1761 esse
1208 1716 1407 1774 videtur).
1629 1777 1632 1779 -

410 1812 473 1842 ex
504 1798 778 1842 commodo
815 1798 893 1853 Ep.
922 1798 992 1854 49,
1022 1799 1049 1841 6
1080 1797 1218 1840 securi
1250 1801 1315 1840 est
1343 1801 1386 1840 et
1415 1811 1468 1840 ex
1501 1797 1721 1841 commodo
1751 1798 1986 1856 migrantis,
2016 1799 2094 1855 Ep.
2126 1801 2194 1857 46,
2230 1802 2248 1842 1
2283 1801 2436 1843 librum

293 1882 434 1935 tuum,
464 1892 590 1933 quem
621 1878 727 1921 mihi
758 1877 1032 1933 promiseras,
1076 1878 1223 1933 accepi
1261 1882 1305 1920 et
1333 1882 1552 1933 tamquam
1590 1879 1778 1922 lecturus
1794 1869 1799 1873 ¹
1816 1892 1870 1921 ex
1901 1879 2120 1923 commodo
2151 1880 2358 1936 adaperui
2385 1895 2436 1924 ac

292 1962 459 2001 tantum
499 1958 729 2014 degustare
771 1957 899 2014 volui,
938 1957 1219 2014 (quamquam
1263 1957 1451 2001 dubitari
1489 1963 1652 2015 potest,
1692 1972 1747 2001 an
1787 1959 2054 2016 „commodo“
2084 1960 2297 2004 ablativus
2342 1961 2436 2004 sub·

294 2038 473 2082 stantivi
503 2037 818 2095 „commodum“
847 2036 931 2095 sit).

409 2132 472 2163 ex
504 2117 773 2163 communi
811 2117 941 2162 Clem.
971 2117 1028 2176 II,
1051 2118 1089 2175 6,
1111 2117 1138 2160 2
1176 2117 1531 2174 Dabit—egenti
1561 2119 1729 2177 stipem,
1760 2133 1844 2163 non
1876 2120 1987 2163 hanc
2009 2121 2355 2164 contumeliosam
2372 2146 2436 2176 —,

294 2198 374 2243 sed
402 2203 450 2243 ut
480 2199 603 2243 homo
636 2198 796 2244 homini
825 2212 879 2243 ex
911 2199 1122 2242 communi
1153 2198 1283 2242 dabit.

410 2278 462 2322 in
491 2279 763 2324 communi
802 2278 933 2323 Clem.
964 2280 998 2337 I,
1030 2281 1071 2337 9,
1106 2281 1124 2322 1
1171 2278 1309 2322 Divus
1338 2278 1559 2334 Augustus
1602 2278 1682 2322 fuit
1717 2280 1832 2322 mitis
1873 2281 2084 2338 princeps,
2124 2281 2160 2323 si
2190 2282 2287 2336 quis
2314 2282 2433 2324 illum

293 2373 322 2403 a
351 2359 593 2416 principatu
624 2372 703 2403 suo
733 2359 959 2404 aestimare
985 2359 1172 2416 incipiat.
1202 2359 1248 2402 in
1277 2359 1489 2403 communi
1518 2358 1690 2414 quidem
1724 2360 1985 2416 reipublicae
2016 2361 2207 2417 gladium
2235 2361 2434 2404 admovit

407 2439 464 2482 in
494 2453 775 2483 commune
828 2438 940 2482 Dial.
971 2440 1043 2496 VI,
1087 2441 1163 2495 14,
1200 2440 1227 2482 3
1278 2439 1324 2481 in
1361 2439 1496 2482 oculis
1537 2443 1629 2483 erat
1662 2439 1756 2494 jam
1799 2440 1871 2483 Cn.
1902 2440 2131 2497 Pompejus
2173 2456 2257 2485 non
2295 2455 2433 2496 aequo

290 2520 454 2562 laturus
491 2520 634 2562 animo
672 2533 936 2574 quemquam
982 2519 1113 2562 alium
1153 2533 1247 2563 esse
1286 2519 1330 2562 in
1370 2518 1589 2575 republica
1627 2532 1830 2576 magnum
1869 2524 1911 2563 et
1948 2519 2118 2564 modum
2157 2520 2434 2577 impositurus

287 2599 574 2655 incrementis,
606 2612 720 2653 quae
759 2599 912 2654 gravia
940 2599 1004 2641 illi
1025 2599 1292 2655 videbantur,
1324 2598 1451 2642 etiam
1481 2611 1578 2643 011111
1607 2599 1652 2641 111
1681 2612 1902 2643 commune
1930 2604 2180 2643 crescerent.
2238 2601 2434 2645 Eandem

287 2679 376 2722 vim
406 2679 513 2722 haec
544 2678 728 2722 formula
753 2678 850 2734 jam
882 2679 1001 2735 apud
1032 2679 1215 2735 Terent,
1247 2678 1344 2735 Cic,
1384 2677 1489 2721 alios
1521 2677 1658 2722 habet.
1719 2677 1805 2721 Sed
1835 2677 1999 2722 Seneca
2028 2691 2123 2726 eam
2153 2680 2281 2723 etiam
2312 2681 2437 2724 aliter

288 2759 522 2815 usurpavit.
562 2759 678 2802 Nam
699 2764 748 2803 ut
774 2760 998 2803 Phaedrus
1032 2759 1159 2802 dixit:
1188 2758 1286 2816 Eja,
1314 2758 1464 2814 inquit,
1495 2758 1540 2802 in
1560 2771 1779 2802 commune
1800 2758 2099 2814 quodcumque
2128 2764 2192 2803 est
2222 2760 2342 2818 lucri,
2371 2760 2433 2804 sic

287 2840 458 2884 Seneca
485 2840 564 2896 Ep.
590 2842 673 2884 119
706 2840 797 2884 init.
848 2839 1055 2892 Quotiens
1079 2839 1245 2895 aliquid
1280 2838 1437 2896 inveni,
1466 2852 1552 2883 non
1581 2842 1793 2896 exspecto,
1824 2838 1958 2884 donec
1988 2839 2107 2884 dicas
2136 2839 2182 2884 in
2203 2853 2436 2885 commune.

228 2926 232 2930 ’
288 2920 376 2965 cfr.
417 2921 496 2978 Ep.
538 2922 607 2979 90,
647 2922 704 2965 38
771 2920 888 2973 Quid
930 2921 984 2965 ho
994 2921 1154 2964 minum
1196 2920 1270 2964 illo
1307 2933 1464 2978 genere
1504 2918 1706 2964 felicius?
1756 2919 1801 2963 in
1843 2934 2066 2965 commune
2105 2934 2247 2965 rerum
2285 2925 2439 2966 natura

282 3001 546 3059 fruebantur,
587 3002 666 3059 Ep.
698 3002 768 3060 95,
804 3002 860 3045 53
922 3001 1183 3045 Habeamus
1222 3001 1269 3044 in
1299 3015 1540 3059 commune,
1580 3000 1695 3054 quod
1735 3001 1825 3044 nati
1865 3015 2021 3045 sumus.
2116 3001 2283 3047 Deinde
2321 3001 2436 3046 idem
