2767 3489
1439 103 1464 149 Β

381 225 522 277 Paris⁶
555 229 714 289 p1,vqui
755 236 830 276 estss
853 228 899 276 in
936 227 1014 275 illa
1043 234 1172 290 parte
1210 228 1337 287 longe
1377 231 1565 289 optimus
1605 236 1650 275 et
1680 230 1722 274 in
1755 226 1948 287 quinque
1982 227 2197 289 aliis3·—
2228 227 2296 278 liis
2329 219 2524 278 ‘confisus

381 311 602 369 exemplis-
626 312 671 356 in
702 310 826 356 Ludo
859 325 894 356 c
924 313 1019 368 3,1
1055 312 1204 356 exiet
1243 310 1375 367 edidi,
1405 324 1490 367 quo
1521 310 1630 353 nihil
1660 310 1858 354 videtur
1870 310 2155 368 probabilius
2179 308 2372 371 reperiri
2390 305 2521 371 posse

379 405 460 449 pro
490 397 704 449 corrupta
725 405 832 437 voce
862 396 1042 449 esset3
1073 395 1117 436 et
1147 391 1205 436 de
1231 391 1336 438 Ben.
1354 391 1387 447 I,
1404 391 1444 448 2,
1460 390 1487 434 3
1518 390 1647 435 credo
1669 395 1735 435 m'e
1756 391 1917 435 rectius
1949 389 2014 436 bis
2045 392 2240 438 rediet
2263 391 2521 451 scripturum

378 470 516 515 flasse
546 485 633 528 pro
656 484 716 515 eo
729 471 857 527 quot}
884 485 1000 517 nune
1042 471 1168 530 posui
1209 470 1363 514 redit
1405 471 1524 514 etin
1552 470 1665 514 Dial.
1692 470 1770 529 XI
1800 471 1840 529 8,
1870 471 1899 515 2
1938 471 2097 516 exiet
2130 473 2343 531 scriptu-m
2375 467 2521 517 malim

380 564 508 607 quam
539 553 609 596 vel
652 553 768 595 exit
796 552 866 594 vel
910 553 1059 596 erit.“
1122 553 1195 595 De
1227 551 1306 595 his
1336 550 1486 594 formis
1526 552 1600 594 cfr.
1643 563 1755 606 quae
1797 550 1989 595 Gessrau
2021 551 2212 599 Gir-amm.
2258 552 2331 598 lat.
2361 565 2403 611 p.
2436 552 2522 596 202

380 633 587 689 disputat,
615 633 692 688 q-ui
725 637 1031 677 commemorat
1063 632 1324 675 Lachmann.
1357 630 1415 674 ad
1447 631 1615 675 Lucret.
1640 632 1717 686 ΠΙ,
1742 631 1862 676 1042
1884 631 2115 676 *affirmare
2140 631 2303 677 'Pibuffl
2331 632 2364 690 13'
2388 633 2435 689 4,·
2465 632 2520 676 27

380 712 425 755 in
462 712 681 757 omnibus‘
699 713 823 757 libris
863 713 1116 757 tran-siet·
1152 711 1358 767 inveniri,
1406 711 1554 755 Horat.
1584 724 1619 755 o.
1649 714 1689 766 4,
1720 713 1761 769 4,
1798 712 1857 755 65
1900 717 2045 756 autem
2087 712 2279 758 editores·
2306 711 2518 771 dubitare,

381 798 523 836 utrum
553 793 711 836 exi-et
736 806 795 836 an
826 792 1020 837 evenit
1051 792 1325 836 scribendum
1357 791 1426 836 sit.

500 872 607 918 Jam
632 885 739 917 vero
765 872 829 918 ad·
854 871 1061 929 synta-xin
1091 870 1334 916 transeunti
1365 871 1471 915 mihi
1512 871 1695 928 primum
1733 871 2018 917 memorabile
2053 872 2364 931 essevid‘etur,
2398 870 2522 930 'quod‘-

382 954 550 999 Seneca
594 967 907 1010 saepenumero
956 953 1096 1009 legem
1128 953 1245 996 illam
1277 967 1364 996 non
1403 957 1560 1007 servat,
1607 966 1694 1007 qua
1722 953 1999 1009 praecipitur,
2024 958 2082 997 ut·
2109 960 2260 1009 genus
2277 952 2518 1012 praedicati

380 1048 476 1077 cum
505 1033 692 1089 subjecti
723 1047 884 1089 genere
915 1038 1137 1088 congruat,
1170 1033 1300 1076 etiarn
1332 1046 1428 1075 cum
1460 1031 1566 1075 illud
1600 1046 1833 1088 pronomen
1866 1034 2249 1077 demonstrativum
2272 1036 2339 1078 sit.
2385 1030 2517 1078 Nam—

380 1127 464 1169 que
494 1127 575 1170 pro
604 1127 671 1169 e0,
710 1112 827 1168 quod
872 1117 1102 1170 exspectes
1139 1112 1274 1168 „haec
1312 1117 1378 1155 est
1414 1112 1656 1168 sapientia“
1688 1112 1856 1156 Seneca
1885 1112 1992 1156 dicit
2031 1113 2138 1169 „hoc
2169 1118 2238 1157 est
2270 1110 2517 1172 sapientia“

378 1194 474 1250 OEp2
491 1196 586 1249 117,
600 1195 686 1250 25),
702 1194 776 1236 cfr.
790 1194 1043 1249 Ep.93,1.1:
1075 1193 1154 1235 hoc
1177 1198 1244 1235 est
1264 1192 1356 1234 vita
1378 1193 1645 1246 quorundam
1664 1193 1803 1247 longa.
1837 1192 1940 1249 (Csr.
1954 1193 2520 1253 NIpp.adTa1:.Ann.I,49.)

496 1274 640 1317 Etiam
671 1273 716 1316 in
746 1286 923 1317 casuum
958 1286 1036 1317 usu
1070 1272 1279 1316 Senecam
1311 1273 1489 1315 multum
1513 1286 1540 1315 a
1561 1272 1778 1329 prioribus
1810 1285 1965 1328 prosae
1996 1274 2205 1317 orationis
2235 1274 2517 1332 scriptoribus

378 1354 628 1412 discrepare
652 1354 780 1410 eique
797 1354 931 1398 multa
949 1367 1044 1397 cum
1066 1353 1209 1411 poetis
1232 1357 1276 1396 et
1304 1352 1559 1408 aequalibus
1577 1366 1731 1410 prosae
1753 1353 1959 1397 orationis
1982 1339 2526 1411 scriptoribus-communia

377 1448 559 1490 esse,e1
580 1435 656 1491 eis,
673 1433 891 1490 quaejam
910 1435 1187 1491 expositurus
1202 1447 1307 1489 sum,
1331 1446 1591 1489 cognoscere
1615 1434 1726 1477 licet.
1777 1435 1839 1476 Ac
1856 1435 2040 1490 primum
2069 1448 2211 1490 gene
2226 1435 2399 1478 tiva-'m
2424 1447 2518 1479 cum

378 1516 545 1570 aliquot
575 1515 873 1570 adjectivis>=et
899 1514 1143 1570 participiis
1173 1513 1412 1569 conjunxit,
1442 1527 1554 1568 quae
1575 1527 1652 1569 pro
1673 1513 1903 1568 adjectivis
1933 1515 2139 1571 uelativis,
2172 1528 2284 1571 quae
2308 1516 2519 1571 dicuntur,

381 1596 534 1639 haberi
565 1599 761 1651 possunt.
824 1595 884 1637 In‘
905 1608 958 1638 eo
989 1608 1164 1637 numero
1206 1594 1433 1637 referenda
1471 1599 1571 1636 sunt
1603 1593 1731 1636 haec:
1770 1585 2130 1638 incontinens
2157 1595 2272 1640 Dial.
2304 1595 2359 1650 If,
2395 1598 2459 1651 14,
2496 1600 2521 1638 1*

381 1675 668 1731 cupiditatum
699 1674 970 1717 incontinens
991 1674 1041 1716 N.
1060 1674 1110 1724 Q.
1134 1675 1211 1729 111,
1229 1674 1297 1727 30,
1316 1674 1343 1715 6
1375 1673 1496 1715 Nihil
1526 1679 1591 1715 est
1621 1678 1707 1715 tam
1739 1674 1987 1728 violentum,
2021 1678 2107 1716 tam
2139 1675 2411 1718 incontinens
2441 1676 2520 1719 sui.

496 1755 789 1810 (metuens
804 1754 917 1796 Dial.
938 1755 1111 1810 V,41‚4
1144 1754 1348 1795 infamiae
1379 1761 1586 1796 metuens.
1650 1753 1783 1795 Uncis
1814 1754 1965 1796 inclusi
1991 1754 2027 1796 b.
2050 1764 2103 1809 v.,
2141 1761 2384 1811 propterca·
2404 1757 2520 1810 quod

379 1836 511 1878 etiam
542 1848 580 1876 a
600 1834 808 1877 Cicerone
838 1847 932 1876 cum
962 1847 1060 1888 gen.
1094 1834 1368 1888 conjunctum
1400 1833 1499 1889 est.)

495 1914 852 1958 insatiabilis
898 1913 1008 1956 Dial.
1040 1914 1140 1968 XII,
1171 1914 1211 1970 8,
1243 1914 1270 1955 6
1311 1913 1435 1968 quus
1474 1912 1747 1969 (spectaculi)
1790 1912 2057 1957 insatiabiles
2100 1917 2207 1958 sunt*
2242 1914 2372 1968 (oculi
2403 1914 2517 1974 mei),

378 1997 526 2054 (etiam
568 1995 685 2052 apud
729 1995 887 2037 Justi'n.
920 1999 963 2037 et
994 1994 1135 2037 Valer.
1169 1994 1224 2037 M.
1258 2008 1293 2038 c.
1326 2007 1420 2050 gen.
1453 1993 1725 2048 conjunctum
1759 1994 2002 2052 invenitur).

495 2076 871 2133 inexplebilis
900 2076 1015 2118 Dial.
1038 2076 1137 2131 XII,
1167 2077 1231 2131 15,
1258 2078 1293 2119 1.
1356 2076 1441 2118 Ubi
1473 2075 1697 2129 colloquia,
1729 2088 1907 2130 quorum
1943 2076 2217 2133 inexplebilis
2248 2087 2378 2134 eram,
2409 2076 2516 2135 (jam

380 2160 531 2202 Livius
562 2158 625 2201 sic
656 2158 823 2201 locutus
855 2162 947 2208 est).

495 2252 669 2296 capax
692 2239 770 2295 Ep.
793 2238 887 2294 124,
907 2239 933 2282 8
966 2237 1065 2281 boni
1078 2251 1235 2294 capax,
1261 2236 1431 2295 (Livius
1452 2242 1495 2280 et
1518 2245 1614 2293 post
1635 2250 1731 2280 eum
1755 2237 1875 2280 multi
1898 2241 1944 2281 et
1965 2237 2048 2294 ipsi
2072 2251 2106 2283 c.
2133 2251 2230 2295 gen.
2249 2237 2519 2296 junxerunt).

497 2319 721 2363 efficax
761 2318 874 2362 Dial's
912 2318 984 2370 VI,
1016 2318 1107 2373 8,]
1155 2318 1502 2361 efficacissimum
1541 2317 1807 2373 mitigandae
1843 2318 2046 2374 ferociae,
2083 2317 2167 2375 (sic
2194 2320 2311 2362 solus
2351 2319 2526 2362 Seneca*

379 2401 546 2445 locutus
578 2411 677 2443 esse
706 2398 894 2456 videtur,
926 2398 998 2453 qui
1030 2402 1174 2441 tamen
1205 2398 1335 2448 etiam
1367 2398 1525 2440 usitato
1559 2411 1674 2441 more
1705 2411 1800 2440 cum
1831 2397 1896 2441 ad
1928 2397 2153 2454 conjunxit
2185 2399 2287 2443 Ben.
2311 2398 2368 2455 II,
2395 2401 2433 2455 7,
2461 2400 2517 2456 3).

495 2481 655 2525 ferax
684 2479 800 2523 Dial.
832 2478 933 2535 ΧΠ,
964 2479 1004 2534 9,
1038 2481 1059 2522 l
1103 2483 1218 2522 terra
1249 2504 1301 2512 -
1332 2478 1533 2522 arborum
1565 2480 1714 2536 ferax,
1744 2478 1890 2536 (Ovid.
1923 2480 1972 2523 A.
2008 2480 2047 2535 2,
2082 2480 2147 2535 16,
2179 2481 2203 2524 7
2241 2484 2359 2524 terra
2394 2480 2516 2524 ferax

379 2562 582 2620 Generis).

495 2648 671 2686 tenax*
695 2641 797 2685 Ben.
828 2640 902 2697 IV,
923 2641 988 2695 11,
1013 2641 1030 2683 1
1065 2639 1132 2683 sui
1165 2654 1245 2683 non
1274 2653 1405 2683 avare
1437 2644 1644 2684 tenacem.
1689 2640 1766 2696 Ep.
1784 2639 1895 2696 92‚3
1926 2640 2168 2684 constantia
2204 2640 2311 2684 bene
2329 2638 2516 2696 judicati

379 2731 510 2769 tenax
541 2723 620 2780 Ep.
648 2723 741 2777 120,
760 2723 787 2765 6
818 2721 920 2765 boni
950 2721 1139 2776 exempli
1172 2726 1382 2764 tenacem.

496 2808 688 2847 certus
717 2803 803 2858 ΕΡ..
827 2803 897 2858 45,
935 2802 962 2844 9
994 2807 1136 2844 certus
1163 2801 1333 2857 judicii,
1364 2801 1602 2857 (Vergilius
1635 2801 1797 2857 primus
1832 2800 1869 2845 h.
1903 2814 1943 2844 v.
1974 2814 2068 2844 cuin
2100 2815 2199 2857 gen.
2224 2800 2426 2856 junxisse
2459 2802 2519 2845 vi-

379 2885 519 2942 detur,
549 2889 650 2940 post
679 2880 890 2927 Senecam
922 2880 1102 2925 Tacitus
1125 2883 1175 2925 A.
1210 2883 1273 2939 1⁶2,
1303 2883 1361 2939 3).

496 2964 755 3013 incertus
784 2963 863 3023 Ep.
889 2962 958 3022 23,
981 2962 1009 3007 2
1042 2961 1230 3007 incertus
1261 2962 1341 3023 sui,
1371 2960 1588 3021 (similiter
1621 2962 1725 3008 Tac.
1757 2963 1807 3008 A.
1840 2962 1880 3023 3,
1909 2962 1998 3023 54).
