2767 3489
1359 116 1408 159 17

308 256 337 286 e
368 243 590 300 contrusio,
620 246 770 288 contra
798 242 909 286 Dial.
937 243 986 300 V,
1015 243 1056 300 8,
1086 244 1125 301 2,
1168 243 1269 287 Beu
1300 243 1372 300 vl,
1400 244 1468 301 21,
1498 244 1529 288 4
1556 247 1599 286 et
1628 244 1696 300 26,
1730 246 1749 287 1
1794 243 1873 288 His
1902 244 2325 302 ingratis—similes
2356 252 2458 290 suut

306 336 365 366 ex
396 322 565 368 diverso
596 323 723 367 nimis
753 323 886 380 grati3
915 322 1130 380 (similiter
1156 324 1265 369 Plin.
1295 323 1399 379 maj.
1429 328 1473 369 et
1502 323 1730 368 Suetonius
1760 325 1890 369 locuti
1921 325 2051 383 sunt).

425 403 482 447 in
521 403 804 454 diversum
843 403 897 448 N.
930 403 979 456 Q.
1008 404 1103 462 VII,
1132 406 1201 462 21,
1233 406 1260 448 3
1305 403 1392 448 Sex
1432 405 1544 449 enim
1581 405 1798 449 mensibus
1842 406 1910 449 hic
1947 405 2182 463 (cometes),
2222 419 2347 461 quem
2377 420 2456 450 nos

313 482 497 534 Neronis
516 482 757 540 principatu
778 484 1011 529 laetissimo
1032 484 1230 541 vidimus,
1250 485 1531 541 spectandum
1552 498 1599 528 se
1621 484 1816 541 praebuit
1836 485 1881 527 in
1903 484 2118 529 diversum
2140 485 2204 529 illi
2219 485 2458 530 Claudiano

312 562 605 608 circumactus.
666 564 745 620 Ep.
779 565 844 622 14,
873 566 920 621 53
962 566 1032 622 59,
1061 566 1108 622 4;
1151 565 1248 623 120,
1278 565 1344 609 21.
1389 564 1633 615 (Forcellin.
1666 565 1789 609 affert
1825 565 1916 609 Liv.
1956 566 2023 623 25,
2057 568 2093 623 1,
2130 566 2237 609 Plin.
2267 565 2344 623 XI,
2384 567 2455 624 45,

316 643 409 700 101,
441 642 578 690 Tacit.
611 644 719 688 A-nn.
750 644 849 702 XII,
880 645 967 703 69),
1015 645 1130 690 Dial.
1155 644 1250 702 VII,
1285 649 1320 702 1,
1350 646 1377 688 2
1409 645 1477 702 ,,111
1507 645 1680 689 diversa
1710 645 1976 689 vocantiun1“
2007 650 2160 690 exstat.

423 736 484 767 ex
520 723 672 768 edito
704 725 805 769 Ben.
839 725 932 781 VII,
963 727 1003 781 3,
1035 726 1062 769 2
1093 724 1463 778 Quemadmodum
1494 750 1552 756 ——
1583 725 1670 770 illis
1702 738 1843 769 rerum
1876 738 2051 770 suarum
2081 739 2135 770 ex
2168 726 2297 784 edito,
2334 732 2451 770 tran·

308 802 531 859 quilloque
560 805 698 849 tutela
726 810 812 863 est3
842 805 1059 863 (similiter
1088 805 1197 851 Plin.
1228 804 1371 861 XXX,
1404 806 1442 861 3,
1473 806 1527 850 27
1560 805 1727 850 locutus
1758 806 1857 863 est.)

427 884 481 927 in
514 885 781 942 expedito
811 900 935 931 esse
965 887 1043 943 Ep.
1075 888 1144 942 94,
1176 888 1233 932 29
1265 887 1498 931 Praeterea
1528 886 1742 941 quaedam
1774 890 1874 931 sunt
1904 886 2078 942 quidem
2111 887 2155 930 in
2185 887 2345 942 animo,
2372 886 2452 932 sed

312 977 465 1019 parum
495 971 707 1021 prompta,
751 980 863 1021 quae
908 966 1121 1023 incipiunt
1166 967 1209 1010 in
1255 965 1459 1022 expedito
1502 979 1613 1021 esse,
1659 980 1755 1010 cum
1787 966 1905 1010 dicta
1949 970 2049 1010 sunt
2076 987 2134 1004 =
2164 966 2209 1010 in
2249 972 2451 1023 promptu

306 1056 423 1100 esse,
452 1043 546 1101 (cfr.
579 1044 724 1096 Quint.
757 1047 812 1101 X,
843 1049 872 1089 5
902 1047 1109 1102 Prompta
1138 1060 1208 1090 res
1238 1052 1283 1090 et
1312 1047 1356 1089 in
1388 1046 1592 1102 expedito
1624 1049 1778 1102 posita.
1839 1046 1948 1090 Plin.
1982 1047 2056 1101 IV,
2086 1048 2156 1103 23,
2187 1047 2276 1102 37.)

429 1124 483 1168 in
513 1126 783 1182 expedito
813 1127 1022 1170 habere
1052 1127 1106 1171 N.
1139 1126 1188 1178 Q.
1213 1127 1287 1181 VI,
1317 1127 1386 1181 32,
1417 1129 1443 1170 ἴ)
1474 1127 1512 1171 si
1535 1127 1732 1170 volumus
1763 1126 1993 1181 tranquille
2025 1125 2186 1182 degere
2207 1152 2276 1183 —-,
2305 1125 2452 1170 anima

315 1202 359 1246 in
390 1206 594 1260 expedito
627 1211 693 1249 est
726 1206 938 1262 habenda,
970 1206 1098 1262 quod,
1128 1211 1176 1250 ut
1206 1219 1260 1249 ex
1292 1206 1574 1261 sequentibus
1605 1206 1749 1250 verbis
1782 1207 1880 1263 „qui
1913 1207 2030 1250 volet
2059 1207 2191 1263 illam,
2234 1206 2449 1262 accipiat“

313 1283 590 1341 intellegitur,
631 1288 693 1331 ita
736 1288 826 1331 fere
856 1287 1228 1343 interpretandum
1258 1286 1429 1330 videtur
1459 1292 1642 1343 „parata
1671 1287 1729 1331 ad
1759 1287 2104 1331 effundendum“.
2168 1286 2301 1331 Clem.
2334 1288 2390 1342 11,
2422 1288 2450 1330 6

316 1364 466 1420 Adice,
511 1367 627 1420 quod
657 1367 832 1424 sapiens
864 1367 1065 1423 providet
1095 1373 1139 1411 et
1182 1367 1225 1410 in
1258 1368 1461 1423 expedito
1492 1366 1718 1411 consilium
1752 1367 1881 1410 habet
1912 1386 1967 1402 =
1998 1367 2042 1410 in
2073 1372 2274 1423 promptu
2305 1367 2450 1411 habet.

310 1444 456 1499 (Haec
485 1446 645 1491 locutio
675 1448 807 1491 etiam
837 1461 903 1504 ap.
936 1447 1029 1491 Liv.
1063 1448 1234 1504 exstat.)

429 1538 492 1568 ex
523 1527 687 1570 facili
718 1527 1007 1583 Dial.V1‚25‚
1032 1530 1059 1571 3
1091 1541 1144 1571 ex
1175 1527 1294 1570 facili
1325 1527 1517 1581 mobiles,
1549 1526 1600 1569 D.
1621 1528 1695 1575 IX,
1730 1531 1766 1583 1,
1801 1530 1850 1570 11
1884 1541 2034 1582 parum
2068 1540 2122 1569 ex
2155 1526 2272 1569 facili
2300 1526 2452 1581 fluens,

315 1605 393 1661 Ep.
427 1607 493 1658 74,
527 1609 578 1651 15
607 1607 851 1664 (animalia)
896 1608 1095 1651 fruuntur
1124 1606 1431 1664 voluptatibus,
1478 1620 1588 1663 quas
1634 1612 1678 1650 et
1725 1607 1865 1663 magis
1910 1606 2087 1663 capiunt
2132 1611 2176 1650 et
2219 1619 2274 1649 ex
2314 1605 2450 1649 facili.

317 1684 496 1731 Praeter
526 1687 735 1732 Senecam
774 1687 855 1732 hac
886 1688 1113 1745 locutione,
1159 1700 1271 1743 quae
1308 1687 1421 1732 idem
1464 1688 1554 1733 fere
1587 1688 1705 1732 valet
1744 1701 1796 1731 ac
1837 1688 2030 1745 ,‚tacile“,
2077 1686 2201 1732 Ovid.
2235 1686 2304 1744 (A.
2335 1687 2385 1730 A.
2416 1686 2446 1729 1.

316 1766 433 1824 356),
462 1766 637 1824 Colum„
669 1767 781 1813 Cels.
813 1768 923 1812 Plin.
955 1767 1094 1813 Tacit.
1129 1768 1195 1812 usi
1226 1773 1338 1812 sunt.

430 1847 479 1890 111
511 1849 566 1891 fa
579 1849 678 1892 cili
709 1862 833 1893 esse
863 1848 996 1893 Olem.
1027 1850 1060 1906 I,
1093 1851 1131 1904 7,
1172 1850 1200 1892 3
1230 1855 1276 1893 at
1306 1849 1374 1892 cui
1407 1849 1513 1892 ultio
1546 1849 1590 1893 in
1622 1849 1741 1893 t'acili
1773 1855 1840 1892 est
1869 1869 1926 1887 =
1956 1849 2085 1892 facile
2125 1853 2204 1903 est,
2244 1846 2452 1904 (praeivit

314 1928 496 1984 Livius.)

430 2021 492 2050 ex
538 2008 767 2052 horrido
812 2010 891 2065 Ep.
926 2012 1031 2064 100,
1077 2012 1104 2051 6
1147 2008 1283 2052 Adice
1324 2022 1455 2063 nunc,
1504 2009 1619 2064 quod
1667 2009 1722 2052 de
1769 2008 2079 2064 compositione
2125 2022 2210 2051 non
2255 2012 2443 2051 constat:

317 2087 495 2142 quidam
519 2089 638 2132 illam
655 2091 806 2133 volunt
826 2103 922 2134 esse
944 2104 998 2134 ex
1020 2088 1195 2133 horrido
1217 2093 1445 2145 comptam.
1477 2088 1657 2144 (Nescio
1680 2102 1737 2132 an
1756 2086 1963 2143 Senecae,
1986 2101 2081 2132 cum
2104 2087 2213 2131 haec
2234 2087 2454 2142 scriberet,

322 2168 594 2212 obversatum
628 2170 770 2225 fuerit,
799 2171 916 2224 quod
946 2176 1091 2214 exstat
1118 2170 1235 2227 apud
1252 2169 1390 2213 Cicer.
1410 2169 1481 2212 Or.
1501 2170 1529 2211 9
1559 2165 1723 2212 Putant
1750 2160 1897 2224 enim,'
1909 2168 1984 2223 qui
2008 2168 2183 2211 horride
2214 2168 2457 2221 inculteque

310 2248 446 2302 dicat,
478 2249 606 2293 modo
638 2249 683 2293 id
714 2250 936 2305 eleganter
965 2250 1273 2305 enucleateque
1304 2249 1448 2303 faciat,
1479 2262 1577 2293 eum
1609 2249 1747 2293 solum
1779 2249 1923 2292 Attice
1955 2248 2136 2304 dicere.)

429 2328 498 2371 ad
532 2329 683 2373 imum
716 2330 831 2375 Dial.
864 2331 943 2388 III,
986 2331 1024 2387 7,
1054 2331 1083 2374 4
1128 2330 1272 2387 rapiat
1301 2330 1420 2373 illum
1451 2333 1624 2386 oportet
1654 2333 1699 2373 et
1728 2328 1786 2372 ad
1816 2328 1947 2372 imum
1978 2333 2083 2384 agat
2111 2327 2280 2385 pondus
2311 2339 2447 2370 suum.

431 2422 493 2452 ex
531 2410 719 2466 ignoto
758 2411 838 2468 Ep.
869 2412 937 2467 83,
975 2412 1002 2454 3
1050 2416 1114 2455 tot
1152 2411 1330 2455 flumina
1375 2423 1428 2454 ex
1474 2411 1623 2467 ignoto
1670 2409 1874 2453 cadentia
1904 2409 1930 2452 i.
1962 2422 1999 2453 e.
2033 2422 2087 2452 ex
2132 2407 2294 2464 ignotis
2324 2407 2451 2463 locis,

310 2490 510 2546 (praeter
538 2491 748 2535 Senecam
778 2505 904 2536 nemo
934 2492 999 2536 sic
1029 2493 1197 2536 locutus
1228 2505 1323 2536 esse
1353 2490 1559 2548 videtur.)

431 2584 525 2627 pro
557 2560 803 2616 indiviso
827 2572 942 2616 Dial.
971 2573 1071 2629 XII,
1104 2573 1171 2628 19,
1212 2574 1232 2615 1
1266 2572 1373 2616 1111111
1404 2571 1702 2615 fidelissimum
1732 2570 1811 2613 tibi
1854 2573 2019 2626 pectus,
2062 2569 2106 2611 in
2151 2569 2268 2624 quod
2309 2580 2460 2612 omnes

319 2663 450 2696 curae
489 2657 590 2696 tuae
627 2666 707 2708 pro
747 2652 935 2697 indiviso
977 2651 1316 2708 transferuntur3
1356 2650 1575 2705 (similiter
1605 2651 1713 2694 Cato
1746 2650 1800 2694 de
1830 2650 1878 2693 R.
1903 2650 1952 2692 R.
1987 2650 2067 2693 137
2107 2654 2152 2692 et
2182 2649 2292 2692 Plin.
2321 2648 2464 2704 major

314 2718 612 2788 compluribus
642 2732 749 2778 locis
779 2732 911 2777 locuti
942 2732 1071 2790 sunt.)

433 2812 487 2855 in
516 2811 800 2859 infinitum
828 2812 944 2856 Dial.
975 2813 1048 2867 VI,
1080 2813 1147 2867 18,
1176 2814 1206 2857 4
1235 2811 1336 2855 hinc
1366 2823 1615 2867 camporum
1646 2810 1692 2853 in
1720 2809 1937 2854 infinitum
1962 2809 2209 2866 ‚patentium
2241 2809 2342 2863 fusa
2361 2809 2453 2865 pla-

314 2891 460 2939 nities.
490 2892 594 2941 Ben.
626 2893 706 2949 111,
736 2893 806 2949 20,
824 2895 859 2937 1.
890 2893 1030 2950 (Haec
1058 2891 1217 2938 locutio
1247 2895 1392 2938 exstat
1420 2889 1553 2938 etiam
1583 2889 1702 2948 apud
1733 2890 1844 2935 Plin.
1870 2889 1993 2948 maj„
2024 2890 2100 2946 qui
2130 2890 2248 2936 idem
2279 2889 2364 2946 „ad
2396 2888 2461 2932 in-

331 2971 524 3016 finitum“
555 2973 661 3018 dicit
691 2978 734 3017 et
764 2987 833 3030 ap.
861 2973 1051 3031 Ulpian.,
1081 2972 1153 3029 „in
1182 2970 1378 3016 infinito“
1409 2970 1527 3028 apud
1558 2970 1731 3015 Celsum
1762 2976 1807 3014 et
1836 2971 1957 3014 Paul.
1987 2971 2108 3028 Dig.)
2253 3040 2276 3075 3
