2767 3489
1405 122 1433 177 2'

343 273 371 306 a
395 261 561 306 Seneca
591 258 648 306 ad
669 258 851 305 Paulum
881 258 1121 318 apostolum
1153 264 1195 304 et
1224 275 1252 305 a
1282 260 1416 305 Paulo
1448 260 1506 306 ad
1533 260 1743 306 Senecam
1775 257 1933 305 missae
1962 274 1990 305 a
2018 258 2205 318 quodam
2233 259 2360 308 fictae
2388 256 2485 321 sint,

339 343 493 399 quibus
523 343 721 398 quamvis
749 342 905 399 ineptis
934 341 982 385 id
1011 345 1126 386 certe
1155 345 1381 398 acceptum
1412 342 1644 400 referimus,
1676 341 1790 398 quod
1811 341 2003 387 Senecae
2033 341 2243 400 epistulae
2273 343 2332 389 ad
2359 342 2484 389 Luci-

335 424 439 465 lium
468 423 622 467 melius
652 427 850 467 servatae
880 425 1002 478 sunt,
1043 425 1086 465 et
1115 434 1191 466 cur
1230 420 1376 471 media
1403 426 1545 466 aetate
1577 421 1768 467 Senecae
1798 422 1895 466 libri
1924 421 2206 469 libentissime
2245 423 2348 469 lecti
2392 423 2478 468 sint

337 516 609 559 magnusque
641 501 836 546 codicum
865 514 1069 545 numerus
1099 504 1249 544 exstet.
1265 500 1307 558 ²⁸¹)

450 582 619 626 Deinde
649 581 879 625 Boehmius
911 579 1118 624 Senecam
1150 580 1344 625 defendit
1374 581 1429 625 ab
1459 581 1543 638 eis,
1590 582 1664 637 qui
1695 595 1793 626 eum
1823 587 2152 641 accusaverunt,
2197 584 2313 640 quod
2353 583 2481 628 nimis

334 663 469 706 multa
499 661 669 706 Graeca
698 661 908 706 vocabula
949 661 996 704 in
1033 674 1157 704 usum
1194 674 1318 705 suum
1349 662 1637 706 convertisset.
1699 661 1838 714 Quam
1877 663 1922 706 in
1951 676 2043 707 rem
2071 663 2196 708 affert
2233 677 2308 708 eas
2337 677 2478 722 voces,

330 756 441 798 quae
473 756 578 786 sane
608 756 694 785 non
722 741 785 785 ita
814 742 974 785 multae
1005 745 1122 784 sunt:
1154 741 1445 799 arithmetica,
1475 741 1722 799 antipodes,
1753 742 1944 801 asthma,
1975 735 2316 803 astrapopleeta,
2346 749 2476 788 astro-

328 823 483 881 nomia,
513 823 694 881 alogiae,
716 822 952 879 chasmata,
972 822 1183 880 chiragra,
1205 822 1420 881 Cerastae,
1451 837 1631 881 ceroma,
1653 822 1924 882 cathedrarii,
1962 824 2093 882 hiera,
2130 824 2474 883 chirographum,

327 904 605 961 chlamydati,
628 903 786 961 chriae,
807 903 1048 960 clepsydra,
1072 902 1246 961 dialogi,
1264 903 1508 961 diplomata,
1530 903 1811 948 diadumenos
1832 908 1875 948 et
1895 904 2174 962 doryphoros,
2196 906 2474 963 ergastulum,

327 989 519 1041 ectypus,
559 984 795 1040 historicus,
835 987 1074 1041 geometres
1086 1018 1097 1040 ,
1140 983 1393 1042 geometria,
1441 984 1757 1041 grammaticus,
1797 984 2046 1042 graphium,
2085 985 2325 1042 gymnicus,
2365 985 2477 1042 halo,

327 1062 492 1121 haphe,
537 1061 797 1121 hypocrisis,
828 1061 1082 1122 hyperbole,
1126 1062 1247 1122 idea,
1285 1062 1512 1109 malacisso
1555 1065 1628 1122 (ex
1658 1063 1852 1110 codicum
1883 1062 2134 1111 auctoritate
2173 1062 2403 1111 Fickertus
2435 1067 2478 1110 et

321 1143 509 1186 Haasius
540 1142 810 1201 „malaxare“
842 1142 1110 1203 ediderunt),
1155 1143 1352 1202 malacia,
1383 1143 1651 1203 lychnobiuS,
1691 1143 1925 1203 opsonium,
1966 1142 2297 1204 paedagogium,
2327 1148 2474 1204 panto-

325 1225 490 1280 mimus,
539 1224 812 1280 pantomima,
844 1224 1183 1282 pantomimicus,
1215 1224 1496 1282 podagricus,
1525 1224 1734 1282 poeticus,
1764 1224 1992 1283 parabola,
2022 1224 2208 1284 parelia,
2236 1225 2474 1284 phrenesis,

322 1304 579 1362 phrenetici,
609 1303 816 1361 phthisis,
858 1308 1209 1362 progymnastes,
1239 1308 1490 1362 proxeneta,
1533 1303 1863 1363 pseudomenos,
1904 1304 2222 1364 psychrolutes,
2261 1309 2471 1364 sagmata,

319 1385 422 1442 sela,
453 1388 644 1441 stemma,
676 1384 825 1442 stylus,
857 1384 1230 1442 sphaeromachia.
1293 1383 1459 1438 Quibus
1489 1384 1718 1429 nonnullae
1758 1384 1871 1430 aliae
1902 1384 2130 1430 addendae
2174 1389 2309 1443 erant,
2339 1385 2474 1430 veluti

321 1465 471 1522 pyxis,
511 1464 772 1509 naumachia
810 1464 907 1522 (Ep.
944 1466 1008 1522 lO,
1050 1465 1124 1522 26)
1164 1464 1422 1523 epitonium,
1468 1465 1669 1523 scyphus.
1742 1464 1840 1510 Jam
1882 1478 1985 1510 vero
2033 1465 2263 1511 Boehmius
2303 1469 2471 1510 senten-

321 1545 425 1589 tiam
468 1558 615 1589 eorum
661 1544 831 1602 refutat,
879 1545 952 1600 qui
998 1544 1208 1589 Senecam
1249 1549 1396 1590 vetera
1440 1545 1566 1589 nimis
1612 1549 1820 1590 sectatum
1859 1558 1956 1590 esse
1997 1550 2173 1590 censent
2211 1550 2255 1590 et
2291 1545 2338 1590 in
2377 1559 2473 1591 eam

318 1639 407 1669 rem
438 1625 559 1669 affert
589 1626 728 1669 locum
760 1639 813 1669 ex
834 1626 912 1682 Ep.
947 1626 1029 1670 104
1062 1625 1346 1683 desumptum,
1377 1640 1431 1670 ex
1463 1639 1547 1682 quo
1579 1625 1875 1683 cognoscimus
1891 1624 1996 1682 jam'
2009 1626 2142 1671 multo
2164 1630 2263 1670 ante
2285 1625 2471 1670 Gellium

317 1710 509 1750 veterum
534 1710 766 1751 sectatores
786 1690 947 1751 Romae
978 1705 1216 1752 exstitisse:
1245 1705 1396 1765 „Multi
1427 1721 1481 1752 ex
1511 1705 1652 1751 alieno
1683 1706 1856 1751 saeculo
1887 1710 2037 1763 petunt
2067 1706 2211 1764 verba,
2241 1706 2468 1752 duodecim

319 1786 489 1830 tabulas
521 1787 773 1843 loquuntur;
806 1785 1026 1830 Gracchus
1056 1787 1141 1830 illis
1172 1791 1214 1830 et
1245 1787 1425 1830 Crassus
1456 1791 1499 1830 et
1529 1786 1657 1830 Curio
1687 1785 1814 1829 nimis
1844 1785 1947 1830 culti
1978 1790 2021 1830 et
2048 1790 2241 1831 recentes
2271 1790 2383 1844 sunt,
2412 1786 2471 1831 ad

316 1866 504 1922 Appium
534 1880 668 1922 usque
699 1871 741 1910 et
782 1867 838 1910 ad
869 1867 1165 1911 Coruncanum
1207 1866 1424 1910 redeunt“.
1484 1866 1540 1912 Et
1579 1879 1684 1909 sane
1715 1865 1882 1909 Seneca
1918 1879 1973 1909 ex
2008 1866 2196 1923 priorum
2236 1866 2355 1909 libris
2401 1865 2464 1909 sic

314 1946 511 1989 hausisse
553 1946 769 2002 putandus
815 1952 901 2004 est,
945 1952 991 1991 ut
1030 1962 1115 1991 non
1154 1962 1283 1991 unam
1326 1952 1510 1991 aetatem
1530 1991 1534 1995 ,
1553 1947 1677 1990 alteri
1713 1946 1965 2004 praeferret,
2001 1946 2087 1990 nisi
2123 1946 2232 1990 forte
2273 1950 2461 1990 statuere

316 2026 519 2069 debemus
557 2041 654 2070 eum
698 2041 752 2069 ex
792 2028 928 2084 poetis
960 2030 1209 2084 Augusteae
1250 2027 1428 2083 aetatis,
1471 2040 1498 2069 a
1528 2026 1704 2083 quibus,
1744 2030 1790 2068 ut
1819 2026 1932 2070 infra
1975 2026 2242 2083 docebimus,
2287 2026 2466 2069 multum

316 2106 485 2162 pendet,
516 2107 639 2161 plura
669 2121 799 2161 quam
830 2122 885 2150 ex
917 2107 1015 2150 aliis
1045 2107 1324 2163 scriptoribus
1355 2106 1680 2162 deprompsisse.

429 2186 648 2230 Postremo
684 2187 915 2230 Boehmius
965 2187 1150 2230 indicem
1195 2199 1340 2230 eorum
1392 2185 1617 2229 verborum
1662 2184 1833 2243 profert,
1880 2198 1993 2241 quae
2043 2184 2114 2229 vel
2153 2201 2177 2229 e
2217 2183 2466 2241 quotidiano

312 2266 621 2309 consuetudine
662 2267 914 2323 deprompta
959 2268 1028 2310 vel
1069 2268 1124 2310 ab
1173 2266 1257 2310 alio
1303 2265 1419 2309 illius
1463 2265 1624 2309 saeculi
1664 2266 1869 2322 scriptore
1920 2266 1991 2309 vel
2047 2266 2102 2310 ab
2138 2265 2233 2323 ipso
2284 2265 2468 2310 formata

310 2346 428 2403 apud
456 2346 667 2391 Senecam
697 2347 882 2403 primum
919 2348 1308 2404 deprehenduntur.
1369 2346 1506 2402 Cujus
1548 2346 1703 2390 indicis
1734 2346 1907 2404 singula
1936 2346 2070 2391 verba
2100 2360 2197 2391 cum
2227 2345 2463 2391 secundum

307 2531 545 2567 adminitione
570 2535 634 2567 aut
658 2505 875 2567 coer'citione
900 2543 965 2567 nos
991 2532 1197 2577 castigatos,
1224 2543 1304 2567 cum
1328 2531 1391 2566 illo
1416 2531 1495 2576 ipso
1520 2535 1683 2577 tempore
1707 2540 1908 2576 peccemus,
1934 2530 2031 2576 quod
2055 2530 2231 2566 adicimus
2253 2529 2457 2566 malefactis

306 2589 557 2634 adrogantiam
571 2593 607 2625 et
619 2589 895 2625 contumaciam.
934 2589 1021 2634 Quis
1047 2593 1103 2625 est
1127 2589 1209 2635 iste,
1236 2589 1297 2634 qui
1322 2599 1361 2625 se
1385 2588 1577 2634 profitetur
1600 2587 1767 2623 omnibus
1792 2586 1932 2633 legibus
1956 2587 2215 2624 innocentem?
2247 2591 2288 2624 ut
2310 2587 2379 2624 hoc
2403 2587 2457 2623 ita

305 2647 364 2690 sit,
390 2657 497 2691 quam
522 2650 677 2691 angusta
700 2646 909 2681 innocentia
935 2650 992 2681 est
1022 2646 1069 2681 ad
1094 2647 1211 2691 legem
1243 2646 1377 2681 bonum
1402 2646 1506 2681 esse?
1542 2649 1678 2691 quanto
1709 2644 1819 2680 latius
1850 2644 2053 2680 officiorum
2085 2648 2189 2690 patet
2218 2654 2329 2690 quam
2359 2643 2455 2690 juris

307 2704 457 2748 regula?
483 2714 590 2748 quam
615 2704 730 2738 multa
754 2703 884 2748 pietas,
909 2703 1129 2747 humanitas,
1164 2703 1377 2747 liberalitas,
1411 2702 1573 2748 justitia,
1598 2702 1690 2738 fides
1715 2702 1874 2747 exigunt,
1899 2712 1993 2748 quae
2017 2702 2141 2738 omnia
2164 2706 2269 2738 extra
2292 2700 2458 2747 publicu

305 2761 449 2796 tabulas
475 2762 580 2796 sunt?
605 2761 676 2796 Sed
701 2771 747 2796 ne
772 2761 819 2796 ad
842 2761 943 2796 illam
962 2760 1108 2806 quidem
1133 2760 1354 2796 artissimam
1378 2760 1610 2796 innocentiae
1634 2759 1829 2795 formulam
1842 2763 2032 2804 praestare
2057 2769 2123 2795 nos
2147 2768 2357 2804 possumus:
2383 2757 2457 2793 alia

287 2818 470 2862 -fecimus,
496 2818 569 2853 alia
593 2818 847 2862 cogitavimus,
886 2818 959 2853 alia
984 2818 1204 2863 optavimus,
1230 2817 1311 2853 aliis
1342 2816 1513 2862 favimus,
1538 2817 1577 2852 in
1602 2816 1822 2863 quibusdam
1850 2815 2066 2853 innocentes
2097 2826 2239 2860 sumus,
2270 2814 2357 2861 quis
2381 2824 2454 2851 non

302 2875 487 2910 successit.
535 2875 614 2910 Hoc
639 2875 842 2919 cogitantes
868 2875 1059 2920 aequiores
1084 2875 1198 2910 simus
1224 2874 1527 2920 delinquentibus,
1552 2874 1742 2911 credamus
1767 2874 2042 2920 objurgantibus
2068 2873 2105 2910 et
2128 2884 2160 2920 q.
2185 2883 2213 2910 s.

398 2946 430 2987 *)
455 2944 558 2980 Unus
583 2954 603 2979 e
627 2943 853 2987 melioribus,
885 2954 955 2989 quo
979 2953 1064 2989 pars
1101 2942 1338 2989 epistularum
1369 2942 1583 2988 continetur,
1616 2942 1861 2989 Argentorati,
1894 2942 1956 2978 ubi
1981 2942 2254 2986 asservabatur,
2285 2939 2456 2977 incendio

299 3002 371 3046 illo,
398 3002 482 3037 dum
507 3002 594 3037 urbs
619 3005 859 3048 oppugnatur,
886 3004 1010 3038 exorto
1037 3005 1159 3036 utrum
1182 2999 1269 3046 igne
1293 3000 1433 3037 deletus
1459 3011 1506 3037 an
1531 3005 1695 3037 servatus
1721 3000 1779 3046 sit,
1804 2999 1936 3037 nescio.
