2767 3489
1342 92 1397 134 21

305 224 461 276 regunt
476 224 525 263 ct
556 219 645 263 illis
675 231 818 262 rerum
860 231 1034 262 suarum
1056 231 1111 262 ex
1141 218 1261 262 edito
1293 216 1615 272 tranquilloque
1644 216 1783 259 tutela
1809 221 1895 272 est;
1934 215 2155 273 (similiter
2178 214 2272 270 jam
2304 215 2445 260 Plaut.

303 302 470 342 locutus
500 305 568 343 est
601 304 645 342 et
676 300 864 355 Terent.,
897 299 1015 356 apud
1047 313 1175 355 quem
1207 312 1259 355 „e
1291 297 1552 352 tranquillo“
1582 315 1639 330 =
1670 309 1694 338 e
1724 296 1956 352 tranquillo
1987 295 2129 354 mari.)

417 394 482 423 ex
513 385 864 423 transverso
903 379 981 435 Ep.
1017 381 1110 435 117,
1141 380 1210 423 21.
1262 378 1376 421 Dial.
1408 377 1502 433 VII,
1537 378 1602 431 15,
1631 378 1659 419 6
1700 376 1871 419 morbos
1910 376 2036 434 dico,
2080 375 2252 431 funera,
2295 376 2445 419 debili-

301 466 415 504 tates
436 465 480 504 et
500 465 649 504 cetera
682 473 737 503 ex
768 464 1018 503 transverso
1049 460 1093 502 in
1122 460 1258 502 vitam
1288 458 1521 501 humanam
1552 457 1827 500 incurrentia.
1871 456 2012 513 (Haec
2043 457 2201 500 locutio
2217 456 2310 512 jam
2332 457 2449 513 apud

307 542 508 584 Plautum
556 545 713 595 exstat,
762 540 844 595 „de
890 541 1164 584 transverso“
1215 539 1334 595 apud
1364 538 1451 581 Cic.
1492 543 1536 581 et
1564 538 1737 581 Auctor.
1783 537 1840 580 ad
1871 537 2073 592 Hei-eun„
2117 537 2187 594 „in
2233 542 2446 580 transver-

301 621 421 664 sum“
451 625 496 664 et
528 634 633 676 „per
664 621 986 664 transversum“
1017 634 1085 677 ap.
1121 619 1232 663 Plin.
1274 617 1481 674 majorem
1523 618 1711 674 saepius.
1773 617 1965 661 Senecae
2005 617 2193 673 quidem,
2234 630 2331 660 cnm
2371 617 2447 660 illa

302 700 524 756 scriberet,
556 700 706 744 nescio
737 713 793 743 an
828 702 946 744 locus
978 700 1297 744 Ciceronianus
1337 699 1591 742 obversatus
1622 699 1690 755 sit,
1721 698 1794 740 ubi
1824 698 1932 740 haec
1964 698 2189 752 leguntur:
2233 698 2370 754 Cujus
2402 699 2447 741 in

302 781 656 836 adolescentiam,
691 794 771 837 per
794 781 960 825 media-s
986 781 1138 824 laudes
1155 780 1282 835 quasi
1306 762 1533 834 quadrigis
1548 778 1789 833 vehentem,
1820 782 2069 821 transversa
2089 778 2268 821 incurrit
2288 779 2447 822 misera

301 862 475 904 fortuna
505 861 806 919 reipublicae.)

417 942 472 983 in
502 946 622 984 tuto
658 942 770 984 Dial.
804 943 882 997 III,
912 943 954 996 3,
984 943 1013 984 4
1043 942 1196 984 Potest
1228 955 1332 995 ergo
1364 945 1407 982 et
1437 941 1510 983 ille
1540 965 1598 970 —
1628 940 1671 981 in
1702 943 1796 981 tuto
1835 940 2094 995 subsistere,
2134 941 2247 982 Dial.
2281 942 2335 996 X,
2358 942 2396 995 7,
2417 943 2446 983 9

302 1022 394 1065 vita
412 1021 506 1076 jam
538 1022 581 1065 in
603 1027 696 1065 tuto
720 1029 805 1076 est;
837 1022 974 1065 Clem.
996 1023 1029 1076 I,
1054 1024 1077 1064 7
1104 1021 1201 1076 jam
1221 1026 1325 1063 vota
1355 1020 1530 1076 publica
1559 1019 1603 1062 in
1634 1025 1726 1062 tuto
1748 1026 1867 1074 sunt3
1896 1020 2194 1075 (praeiverunt
2214 1022 2445 1063 Terentius

305 1107 349 1145 ct
379 1101 562 1160 Cicero.)
2316 1094 2319 1098 ¹

418 1183 471 1225 in
502 1187 677 1225 tutum
713 1184 791 1239 Ep.
828 1185 892 1237 14,
924 1184 952 1226 3
983 1188 1027 1226 et
1058 1183 1102 1225 in
1147 1188 1289 1225 tutum
1330 1194 1410 1225 nos
1442 1181 1718 1236 reducamus3
1756 1182 1973 1236 (similiter
2002 1182 2142 1226 Plant.
2177 1183 2266 1225 Liv.
2299 1183 2446 1238 Nepos

300 1265 431 1304 locuti
462 1264 593 1319 sunt.)

415 1342 483 1384 ad
514 1343 676 1385 ultim
693 1357 769 1384 um
803 1343 917 1385 Dial.
938 1344 1011 1396 lV,
1033 1344 1100 1398 26,
1133 1344 1161 1385 3
1190 1343 1247 1385 ad
1280 1343 1474 1385 ultimum
1505 1342 1610 1397 quid
1642 1347 1709 1384 est
1738 1342 1981 1384 dementius
2007 1345 2095 1385 —?
2117 1345 2169 1386 N.
2193 1344 2243 1395 Q.
2264 1344 2335 1399 VI,
2357 1346 2397 1397 6,
2417 1348 2446 1384 4

301 1423 491 1465 Primum
522 1448 579 1454 —
609 1424 768 1465 deinde
801 1448 857 1455 —-
889 1424 945 1465 ad
980 1425 1196 1478 ultimum,
1229 1425 1330 1466 Ben.
1352 1424 1424 1477 VI,
1455 1425 1522 1478 26,
1555 1426 1575 1464 1
1618 1424 1703 1478 „ad
1732 1424 1952 1465 ultimum“
1993 1430 2161 1480 tempus
2191 1425 2368 1487 indicat,
2399 1431 2445 1467 nt

297 1503 391 1555 jam
424 1504 573 1547 Livius
605 1503 727 1546 dixit.
789 1506 839 1547 In
879 1504 1205 1546 enumeratione
1235 1501 1405 1546 Seneca
1435 1504 1553 1546 solus
1584 1503 1666 1545 hac
1697 1504 1912 1546 locutione
1945 1517 2047 1546 usus
2078 1517 2175 1547 esse
2205 1505 2386 1548 videtur.

418 1584 470 1626 in
503 1584 822 1645 universum
856 1585 933 1640 Ep.
965 1585 1033 1639 22,
1065 1585 1092 1625 2
1142 1583 1257 1634 Quid
1310 1583 1402 1626 fieri
1447 1584 1595 1632 soleat,
1628 1583 1732 1638 quid
1772 1588 1982 1640 oporteat,
2029 1585 2072 1625 in
2114 1585 2362 1627 universum
2402 1592 2446 1628 et

304 1662 503 1705 mandari
544 1668 689 1719 potest
720 1669 764 1706 et
795 1664 948 1719 scribi,
987 1665 1081 1718 100,
1116 1665 1169 1705 12
1203 1663 1404 1706 Ceterum
1435 1663 1581 1706 verbis
1610 1663 1863 1706 abundabat
1891 1664 2168 1721 (Fabianus),
2209 1666 2302 1707 sine
2335 1679 2445 1708 com—

302 1742 581 1786 mendatione
623 1743 809 1799 partium
853 1744 1125 1799 singularum
1159 1743 1203 1785 in
1235 1744 1479 1786 universum
1523 1742 1791 1798 magnificus.
1854 1743 2037 1798 (Eadem
2068 1744 2111 1786 vi
2143 1744 2251 1788 haec
2288 1746 2447 1789 locutio

307 1823 425 1879 apud
457 1824 642 1879 Livium,
671 1824 783 1867 Plin.
816 1824 932 1880 maj„
965 1824 1165 1867 Tacitum
1197 1824 1398 1881 praedita
1427 1823 1525 1881 est.)

419 1904 470 1948 in
503 1917 658 1948 unum
692 1904 805 1948 Dial.
839 1904 887 1961 V,
924 1905 989 1961 16,
1021 1905 1048 1948 2
1079 1903 1275 1950 conferre
1306 1904 1349 1948 in
1380 1918 1532 1959 unum3
1565 1904 1670 1950 Ben.
1706 1905 1777 1961 VI,
1807 1906 1864 1949 22
1898 1912 2000 1950 eant
2030 1907 2073 1949 in
2106 1921 2237 1951 unum
2279 1908 2445 1963 omnia,

304 1986 381 2041 Ep.
413 1986 481 2040 85,
512 1986 569 2028 22
600 1986 645 2027 in
677 1999 806 2028 unum
840 1991 1003 2029 coacta.
1070 1985 1299 2042 (Similiter
1330 1985 1501 2029 Sallust.
1533 1985 1622 2030 Cic.
1655 1986 1749 2030 Liv.
1782 1987 1909 2042 Verg.
1942 1987 2066 2031 Ovid.
2098 1988 2229 2030 locuti
2258 1989 2388 2046 sunt.)

417 2066 501 2122 (ex
533 2079 632 2108 uno
663 2067 716 2109 N.
752 2065 803 2117 Q.
836 2066 915 2123 III,
942 2067 1010 2123 29,
1034 2068 1060 2108 2
1093 2076 1234 2121 neque
1266 2067 1379 2109 enim
1411 2079 1465 2109 ex
1496 2080 1583 2109 uno
1615 2072 1682 2110 est
1712 2071 1834 2110 tanta
1863 2068 2091 2123 pernicies,
2122 2068 2194 2111 ubi
2226 2082 2307 2124 „ex
2334 2071 2445 2111 uno“

305 2146 419 2188 idem
450 2146 541 2189 fere
573 2151 640 2189 est
670 2152 801 2200 atque
832 2160 886 2189 ex
919 2160 1006 2189 una
1038 2147 1117 2202 re.)

417 2226 471 2267 in
502 2239 735 2268 vacuum
767 2226 974 2281 Dial.111,
998 2228 1034 2281 1,
1061 2227 1088 2268 6
1121 2230 1341 2268 taurorum
1373 2239 1533 2268 cornua
1557 2227 1779 2281 jactantur
1811 2228 1853 2269 in
1883 2241 2077 2271 vacuum.
2140 2230 2214 2282 „ln
2236 2230 2444 2270 vacuum“

299 2305 381 2348 hoc
410 2306 504 2349 loco
536 2306 651 2349 idem
682 2307 773 2350 fere
805 2310 871 2350 est
894 2319 946 2350 ac
977 2308 1149 2362 trustra,
1179 2302 1244 2356 εἷς
1263 2303 1416 2363 μάτην.

416 2387 470 2429 in
499 2399 695 2429 vanum
727 2387 806 2443 Ep.
830 2386 898 2442 31,
919 2387 949 2429 4
982 2386 1128 2441 itaque
1164 2386 1208 2429 in
1239 2400 1396 2429 vanum
1428 2400 1634 2442 operosos
1664 2387 1927 2444 culpaverim
1958 2407 2015 2425 =
2042 2388 2212 2430 frustra.
2258 2387 2444 2443 (Seneca

300 2468 417 2510 solus
447 2467 511 2510 sic
540 2468 709 2510 locutus
740 2480 837 2510 esse
868 2466 1054 2523 videtur,
1091 2467 1208 2525 apud
1243 2467 1412 2510 Livium
1444 2471 1588 2510 exstat
1618 2467 1701 2524 „ad
1733 2470 1916 2511 vanum“
1948 2474 1989 2511 et
2021 2481 2100 2524 „ex
2125 2468 2263 2511 vano“
2293 2470 2362 2524 33,
2388 2470 2437 2513 3]

298 2563 383 2592 non
414 2553 507 2592 tota
537 2562 591 2592 ex
625 2562 738 2592 vano
771 2549 1017 2592 criminatio
1050 2554 1175 2597 erat.)

414 2643 479 2673 ex
509 2644 643 2673 vero
677 2631 791 2673 Dial.
815 2630 886 2687 VI,
904 2631 976 2682 25,
1013 2631 1041 2673 2
1072 2644 1153 2673 nec
1183 2644 1236 2674 ex
1267 2630 1527 2686 conjectura,
1558 2630 1636 2673 sed
1667 2631 1853 2673 omnium
1885 2644 1939 2673 ex
1960 2644 2063 2673 vero
2094 2631 2270 2688 peritus.
2302 2632 2445 2689 (Simi-

301 2712 400 2755 liter
428 2717 602 2768 praeter
633 2712 849 2754 Senecam
882 2712 1068 2756 Ovidius
1100 2713 1271 2755 locutus
1311 2717 1377 2754 est
1406 2711 1524 2755 Fast.
1558 2713 1596 2766 2,
1629 2712 1713 2755 859
1744 2713 1809 2753 Ex
1841 2725 1943 2755 vero
1982 2713 2169 2768 positum
2210 2714 2448 2769 permansit

299 2792 482 2847 Equiria
510 2792 701 2848 nomen.)

413 2873 469 2915 in
498 2872 691 2916 vicino
725 2872 839 2916 Dial.
873 2873 949 2928 IX,
981 2873 1020 2927 9,
1055 2874 1074 2915 1
1114 2872 1371 2929 praesertim
1404 2885 1498 2915 cum
1528 2872 1573 2915 in
1598 2871 1743 2915 vicino
1773 2873 2009 2916 remedium
2041 2874 2116 2929 sit,
2149 2874 2201 2917 D.
2233 2874 2287 2930 X,
2325 2876 2389 2929 15,
2419 2876 2448 2916 4

301 2952 504 3008 quoniam
535 2952 715 3017 quidem
741 2952 785 2994 in
807 2952 950 2996 vicino
975 2958 1176 2996 versatur
1206 2952 1385 3009 invidia,
1416 2953 1655 3009 simplicius
1685 2953 1813 3009 longe
1835 2954 1979 3010 posita
2008 2955 2222 2997 miramur.
2265 2954 2447 3009 (Eodem
