2767 3489
1350 169 1379 217 3

303 283 428 342 lex'ie
469 294 690 343 Porcellin.
750 295 1062 356 examinarem,
1114 296 1398 344 animadverti
1436 299 1657 359 complura
1699 298 1795 356 jam
1837 300 1954 358 apud
1999 300 2160 358 priores
2209 300 2433 359 scriptores

304 375 499 422 invmiri.
556 376 722 430 Quibus
750 378 962 435 exemptis
989 392 1102 435 quae
1141 379 1258 436 apud
1289 377 1494 425 Senecam
1522 379 1706 438 primum
1741 386 1910 426 exstare
1950 381 2143 438 putanda
2171 387 2292 439 sunt,
2324 383 2432 427 haec

303 454 394 502 fere
417 460 544 502 sunt:
578 456 875 503 Substantiva:
919 457 1218 516 arietatio,
1247 459 1573 518 fulguratio,
1602 461 1945 519 fulminatio,
1979 461 2067 518 (his
2096 462 2232 506 tribus
2264 462 2430 506 Seneca

298 538 418 582 solus
443 551 548 586 usus
579 551 673 601 esse
701 537 901 595 videtur),
929 539 1275 596 evaporatio,
1304 540 1645 598 alucinatio,
1675 541 2068 599 murmuratio,
2106 541 2262 586 offen
2278 543 2433 599 satio,

304 618 679 677 circumlitio,
707 618 1245 677 comperendinatio,
1279 621 1610 679 praestatio,
1640 621 1948 679 scrutatio,
1978 622 2215 680 sparsio,
2246 627 2433 667 vecta·

302 698 404 757 tio,
442 698 765 744 intentatio.
824 699 958 756 (Num
1005 699 1072 744 his
1105 699 1230 744 in-io
1258 700 1508 746 cadentibus
1537 701 1757 746 vocabulis
1787 701 1875 745 alia
1902 701 2130 746 adicienda
2149 702 2319 760 fuerint,
2347 716 2433 746 non

299 782 415 824 certo
443 778 545 836 scio,
573 778 786 835 siquidem
815 779 921 823 mihi
951 779 1078 824 etiam
1107 794 1183 837 per
1212 780 1292 826 hoc
1321 782 1504 838 spatium
1528 786 1731 826 semestre
1761 781 1906 825 multis
1934 783 2117 839 negotiis
2147 782 2340 827 districto
2371 782 2430 826 ad

297 858 346 905 id
384 858 734 918 perscrutandum
771 863 938 918 tempus
975 859 1122 906 defuit.
1209 860 1349 916 Quam
1382 862 1436 907 ob
1476 876 1567 907 rem
1597 861 1703 907 satis
1742 861 1880 906 habeo
1915 875 2044 906 unum
2084 862 2224 907 locum
2263 862 2434 919 afferre,

301 954 355 986 ex
395 954 480 998 quo
514 944 694 998 apparet
723 940 930 987 Senecam
968 941 1199 988 admodum
1220 952 1223 954 ’
1242 942 1338 999 ejus
1372 943 1486 988 modi
1525 942 1669 987 verbis
1712 942 1971 987 delectatum
2015 957 2109 987 esse
2120 978 2131 999 ,
2169 943 2247 1001 Ep.
2277 945 2345 1001 94,
2375 944 2432 987 39

301 1025 345 1067 et
385 1020 695 1067 consolationes
749 1035 864 1079 nega
903 1023 1108 1080 proficere
1148 1023 1520 1081 dissuasionesque
1559 1028 1602 1068 et
1647 1023 1967 1067 adhortationes
2013 1028 2055 1067 et
2108 1023 2178 1079 obj
2185 1024 2429 1081 argationes

299 1104 344 1146 et
372 1099 652 1146 laudationes.
711 1099 867 1146 Omnia
890 1101 976 1147 ista
1001 1102 1280 1147 monitionum
1311 1116 1470 1161 genera
1498 1095 1627 1160 sunt).
1686 1104 2029 1158 Nauseator,
2061 1105 2310 1160 vomitor,
2338 1105 2432 1145 im-

301 1174 546 1242 putator,
585 1183 708 1242 (haec
743 1183 827 1227 tria
866 1182 983 1241 apud
1010 1183 1147 1228 solum
1177 1183 1386 1228 Senecam
1416 1188 1586 1228 exstare
1614 1184 1853 1241 videntur),
1894 1185 2180 1240 aenteator,
2221 1190 2305 1226 tra
2318 1190 2429 1227 cta-

298 1267 393 1307 tor.
452 1263 532 1307 His
560 1264 648 1307 alia
675 1264 878 1308 addenda
903 1263 1085 1322 fuerunt,
1113 1270 1162 1308 ut
1190 1266 1417 1322 adrisor,
1446 1266 1686 1309 adrosor.
1751 1265 2118 1322 „Botularius,
2149 1267 2423 1308 crustula-

303 1343 437 1402 rius,
491 1344 769 1403 pararius,
815 1357 990 1402 pausa
1004 1345 1091 1389 riu
1105 1357 1146 1403 s,
1196 1345 1575 1390 effractarius“
1632 1345 1700 1389 his
1744 1345 1942 1388 in-arius
1990 1344 2243 1389 cadentibus
2286 1345 2427 1388 verbis

301 1423 469 1470 Seneca
496 1424 611 1470 solus
640 1438 744 1469 usus
772 1437 870 1470 esse
899 1424 1080 1483 videtur,
1126 1425 1241 1482 quod
1269 1426 1381 1470 idem
1409 1427 1454 1470 in
1495 1426 1603 1470 haec
1643 1426 1727 1470 duo
1770 1425 1926 1469 cadere
1966 1426 2160 1470 videtur:
2192 1426 2251 1468 Li
2264 1440 2291 1468 n
2306 1441 2335 1482 g
2347 1440 2374 1469 u
2387 1441 2429 1469 a·

300 1505 459 1564 rium,
487 1504 869 1550 conciliatura.
924 1505 1301 1563 Displicentia„
1346 1506 1382 1550 B
1396 1506 1700 1551 reviariu‘m
1732 1506 1827 1563 (Ep.
1857 1506 1926 1563 39,
1962 1507 1980 1548 1
2015 1506 2134 1563 haec,
2171 1520 2283 1562 quae
2313 1521 2425 1550 nunc

298 1587 427 1644 volgo
454 1585 712 1631 breviarium
742 1585 916 1644 dicitur,
958 1586 1058 1631 olim
1088 1599 1185 1631 eum
1214 1586 1346 1631 latine
1374 1587 1661 1644 loqueremur,
1703 1586 1979 1631 summarium
2009 1586 2271 1645 vocabatur.)
2317 1587 2353 1629 F
2368 1589 2434 1631 ul-

304 1671 520 1725 getrum.
566 1665 874 1724 Lucifuga,
904 1680 970 1724 ae,
998 1666 1135 1724 (apud
1162 1666 1408 1712 Ciceronem
1436 1667 1653 1725 lucifugas
1683 1666 1850 1724 exstat).
1898 1651 2258 1724 dpertorium.
2313 1668 2435 1712 Pili-

290 1761 391 1793 ›cre
405 1762 435 1806 p
447 1761 507 1793 us
556 1767 615 1786 =
659 1745 733 1804 qui
779 1746 869 1805 pila
918 1746 1040 1805 ludit,
1083 1746 1182 1806 (hoc
1229 1748 1481 1792 vocabulum
1526 1748 1658 1793 etiam
1699 1748 1746 1793 in
1789 1747 2135 1804 inscriptionibus
2185 1748 2432 1805 invenitur).

305 1827 622 1873 Semiorbis.
692 1827 1102 1886 Durameutum,
1149 1828 1532 1886 initiamenta,
1577 1841 1745 1886 orum,
1774 1829 1859 1886 (ap.
1891 1827 1990 1873 Sen.
2022 1829 2158 1872 solum
2189 1829 2433 1887 invenitur),

303 1908 520 1965 piamen
534 1912 653 1952 tum.
700 1906 805 1952 Sed
820 1912 997 1965 nctus,
1026 1920 1108 1965 us,
1151 1907 1280 1965 (Dial.
1310 1908 1387 1965 IX,
1418 1909 1457 1966 3,
1487 1909 1515 1952 2
1559 1908 1634 1952 ubi
1667 1913 1811 1953 tamen
1850 1922 1934 1953 non
1978 1908 2049 1966 „in
2088 1908 2303 1966 seductu“,
2353 1910 2431 1953 sed

299 1989 370 2046 „in
399 1987 599 2033 seducto“
622 1987 723 2044 jure
752 1988 797 2032 in
827 1988 1132 2033 recentioribus
1153 1988 1408 2033 editionibus
1428 1988 1660 2047 scribitur),
1691 1988 1720 2032 d
1731 1988 1777 2032 is
1789 2002 1816 2045 p
1827 2002 1883 2032 ec
1895 1993 1947 2032 tu
1961 2002 2000 2047 s,
2030 2002 2093 2046 us,
2122 1987 2190 2045 (D.
2210 1988 2281 2046 IV,
2310 1990 2374 2046 10,
2394 1991 2431 2046 1,

301 2069 379 2125 Ep.
402 2070 461 2112 94
479 2082 546 2126 m.,
567 2069 664 2125 Ep.
684 2070 765 2113 109
786 2074 890 2112 extr.
935 2068 1029 2113 Hoc
1050 2069 1302 2113 vocabulum
1332 2067 1447 2124 apud
1476 2068 1575 2113 Sen.
1605 2070 1742 2113 solum
1772 2069 1954 2112 inveniri
1975 2068 2170 2125 videtur.)
2213 2069 2429 2113 Balneo-

303 2149 432 2206 lum,
461 2148 771 2206 civitatula,
802 2148 1127 2192 deliciolum
1171 2147 1306 2204 (apud
1348 2147 1596 2192 Ciceronem
1640 2148 1940 2192 deliciolae
1971 2148 2142 2204 exstat),
2179 2148 2300 2204 disp
2317 2153 2433 2192 uta-

302 2228 578 2285 tiuncula,
605 2228 1024 2285 punctiuncula,
1052 2227 1575 2285 procuratiuncula,
1605 2227 2069 2284 nummulariol-us,
2102 2227 2227 2284 (haec
2248 2227 2428 2269 diminu-

300 2308 393 2353 tiva
420 2321 558 2365 paene
597 2308 741 2352 omnia
780 2322 808 2351 a
837 2306 1002 2352 Seneca
1031 2308 1119 2351 solo
1158 2306 1445 2365 usurpantur).
1490 2307 1593 2364 Adj
1609 2307 1814 2351 ectiva:
1872 2306 2181 2351 Blattarius
2216 2306 2259 2363 (i.
2300 2319 2335 2351 e.
2375 2307 2433 2350 ad

302 2389 483 2432 blattam
519 2388 747 2445 pertinens.
804 2387 900 2432 Sen.
929 2387 1008 2444 Ep.
1039 2388 1095 2432 86
1122 2388 1180 2432 At
1216 2401 1329 2432 nunc
1372 2387 1577 2432 blattaria
1614 2392 1769 2432 vocant
1809 2387 1973 2431 balnea.
2031 2387 2140 2431 Plin.
2179 2387 2278 2443 maj.
2319 2402 2429 2432 com·

302 2473 508 2514 memorat
536 2468 712 2514 herbam
740 2468 957 2525 quandam
983 2467 1227 2514 blattariam
1241 2467 1400 2512 Romae
1429 2468 1605 2526 vocari),
1634 2467 1996 2513 elementariu
2010 2481 2031 2512 s
2059 2468 2154 2525 (Ep.
2169 2469 2225 2513 36
2247 2469 2430 2513 elemen-

303 2548 439 2593 tarius
452 2562 583 2593 senex
599 2549 626 2593 i.
648 2563 684 2594 e.
710 2549 785 2605 qui
805 2549 943 2607 prima
963 2548 1180 2594 literarum
1199 2548 1410 2593 elementa
1428 2548 1573 2606 discit)
1602 2549 1655 2592 la
1665 2553 1682 2592 t
1692 2563 1714 2592 r
1727 2562 1755 2592 u
1767 2563 1793 2592 n
1806 2563 1829 2593 c
1842 2549 1931 2592 ula
1942 2548 2024 2592 riu
2035 2562 2055 2592 s
2071 2548 2147 2606 (ad
2165 2549 2426 2593 latrunculos

303 2629 330 2673 i.
361 2642 397 2673 e.
418 2629 605 2674 calculos
626 2629 805 2673 lusorios
820 2628 1046 2686 pertinens.
1077 2627 1205 2685 Apud
1224 2628 1360 2672 solum
1382 2626 1590 2673 Senecam
1607 2632 1778 2673 exstare
1796 2628 1995 2685 videtur),
2025 2642 2128 2684 qua
2140 2642 2165 2672 e
2176 2642 2196 2672 s
2208 2629 2349 2672 tuari
2360 2643 2387 2673 u
2401 2644 2435 2687 s,

303 2707 670 2754 refractarius
700 2708 777 2766 (--
788 2713 1025 2753 contumax.
1060 2707 1190 2764 Apud
1205 2708 1341 2752 solum
1357 2706 1561 2752 Senecam
1577 2708 1814 2764 invenitur;
1844 2708 1947 2751 inde
1969 2708 2199 2752 deductum
2223 2713 2289 2753 est
2312 2723 2434 2754 voca·

303 2788 450 2833 bulum
477 2788 669 2833 italicum
697 2787 963 2845 refrattario).
1020 2787 1100 2831 Na
1115 2787 1482 2832 useabundus
1512 2808 1570 2827 =
1599 2801 1762 2832 nausea
1791 2788 1941 2845 plenus
1972 2792 2015 2832 et
2044 2789 2244 2844 reptab
2260 2789 2432 2833 undus

300 2884 362 2909 επ
387 2868 567 2913 multum
596 2872 781 2925 reptans,
811 2868 937 2925 (haec
965 2867 1051 2912 duo
1079 2867 1289 2912 voeabula
1317 2866 1433 2924 apud
1463 2866 1560 2911 Sen.
1590 2868 1727 2912 solum
1761 2868 2048 2912 inveniuntur.
2107 2868 2263 2913 Vocab.
2293 2870 2432 2926 lapsa·

304 2947 487 3006 bandus,
509 2947 634 3005 cujus
652 2948 827 2994 Boehm.
842 2948 1097 2992 mentionem
1117 2946 1233 3007 facit,
1248 2946 1348 3003 jure
1367 2946 1412 2991 in
1432 2951 1586 2991 recent
1609 2946 1865 2992 editionibus
1885 2948 1931 2992 in
1952 2948 2207 3006 „laxabunt“
2226 2954 2435 2993 mutatum

309 3027 406 3086 est.)
453 3027 715 3088 Gulosus,
743 3026 1159 3088 superciliosus.
1198 3025 1479 3087 Soccatus,
1502 3026 1927 3087 indepravatus,
1956 3028 2437 3087 superadornatus

2230 3109 2273 3148 1·
2413 3105 2415 3107 ’
