2767 3489
1326 158 1384 199 24

270 286 350 338 est,
380 281 525 326 nescio
556 296 613 326 an
643 281 745 326 inde
777 281 969 339 genuina
1006 281 1133 327 lectio
1172 281 1261 326 erui
1294 284 1438 339 possit.
1498 282 1608 324 Nam
1649 281 1686 323 si
1715 280 1882 326 Seneca
1910 281 2005 339 ipse
2034 281 2283 339 ,pntehacffi
2312 282 2429 337 quod

272 361 451 406 verbum
483 362 539 406 ab
571 361 650 406 hoc
680 362 771 406 loco
793 362 980 407 alienum
1005 375 1090 407 non
1121 367 1198 419 est,
1219 362 1404 420 scripsit,
1425 362 1550 406 facile
1579 360 1670 404 ficri
1698 362 1845 418 potuit,
1877 367 1924 405 ut
1944 362 2049 420 „an“
2069 367 2169 407 ante
2190 361 2427 419 „antehac“

272 444 550 500 omitteretur,
581 458 667 499 quo
696 443 809 487 facto
838 443 949 487 alius
980 442 1191 500 librarius,
1223 442 1297 498 qui
1326 442 1689 488 animadverteret
1720 456 1804 486 non
1833 455 1949 499 esse,
1979 443 2093 488 unde
2122 442 2423 499 conjunctim

273 525 490 580 penderet,
519 526 563 567 in
595 525 693 579 ejus
724 526 859 568 locum
891 524 1173 568 indicativum
1204 525 1434 568 substituit.
1497 524 1584 567 Sed
1617 524 1695 568 hoc
1725 524 1800 567 alii
1830 523 2081 578 dijudicent.
2144 524 2335 569 Transeo
2366 523 2424 569 ad

270 605 451 649 alterum
483 606 633 661 locum,
665 604 739 659 qui
771 608 911 647 exstat
942 605 992 647 N.
1025 604 1076 656 Q.
1108 605 1201 660 VII,
1233 605 1302 661 25,
1338 607 1358 648 l
1402 605 1574 661 „qualia
1624 609 1733 660 sunt,
1765 603 2025 661 ignoramus,
2067 618 2196 660 quam
2228 604 2423 652 codicum

273 686 525 743 scripturam
557 686 689 730 etiam
718 685 948 729 Fickertus
980 685 1153 742 recepit.

386 765 568 810 Restant
599 765 764 821 aliquot
793 765 898 822 loci,
939 765 1094 821 quibus
1134 766 1457 821 conjunctiones
1499 771 1581 821 ut,
1620 766 1928 822 quominus,
1973 766 2107 820 quin
2146 766 2420 822 singulariter

274 850 504 903 usurpatae
534 850 642 890 sunt.
703 845 846 899 Atque
874 849 931 889 ut
961 845 1155 900 sequitur
1184 844 1416 902 „sollicitus
1446 845 1563 889 sum“
1589 845 1666 901 Ep.
1701 846 1769 902 98,
1801 846 1829 887 6
1861 845 2078 903 (animus),
2109 845 2184 901 qui
2213 846 2419 889 sollicitus

270 931 348 982 est,
377 930 424 969 ut
442 940 506 981 ea,
526 925 681 981 quibus
698 924 948 982 delectatur,
979 925 1038 969 ad
1058 930 1292 970 extremum
1326 939 1461 981 usque
1481 931 1769 982 permaneant.
1807 927 1891 969 Pro
1907 925 2003 982 „ut“
2027 926 2166 981 potius
2191 929 2416 982 exspectes

274 1006 390 1063 „ne“,
421 1006 536 1061 quod
567 1006 684 1062 apud
708 1005 924 1049 Justinum
954 1007 995 1063 2,
1027 1007 1051 1049 7
1084 1005 1311 1049 invenitur.
1370 1005 1460 1049 Nec
1491 1005 1630 1048 minus
1661 1019 1688 1048 a
1717 1011 1887 1062 recepto
1919 1018 1997 1048 usu
2020 1005 2188 1049 Seneca
2216 1005 2423 1062 discessit,

272 1086 386 1141 quod
407 1086 509 1130 Ben.
529 1087 607 1143 ΙΙΙ,
635 1087 703 1142 33,
721 1088 748 1129 2
779 1090 821 1130 et
842 1087 869 1129 3
899 1086 1117 1130 adiciendi
1140 1086 1315 1130 verbum
1347 1099 1442 1129 cum
1474 1086 1569 1142 „ut“
1598 1085 1834 1143 conjunxit,
1855 1086 2009 1143 (adice,
2040 1091 2087 1129 ut
2114 1086 2228 1130 idem
2258 1090 2423 1142 patrem

272 1180 387 1210 reum
421 1167 625 1210 defendat
665 1172 707 1210 et
737 1166 1043 1223 conspirationi
1082 1166 1349 1210 inimicorum
1388 1167 1620 1223 potentium
1662 1167 1848 1222 eripiat).
1913 1166 2079 1210 Deinde
2121 1166 2421 1221 quominus

265 1248 406 1291 verbis
438 1247 808 1304 persuadendi
840 1252 881 1290 et
912 1246 1151 1291 vetandi
1182 1245 1393 1302 adjunxit.
1429 1248 1758 1304 (Dia1.111‚4,2
1796 1249 1916 1291 nulla
1936 1248 2162 1303 quominus
2182 1247 2287 1290 fiant
2310 1245 2418 1290 ratio

269 1329 512 1385 persuadet,
554 1330 631 1385 Ep.
663 1331 733 1384 95,
764 1330 790 1372 8
822 1333 868 1371 at
898 1327 1026 1383 haecl,
1072 1341 1181 1383 quae
1212 1331 1348 1371 artem
1379 1328 1494 1372 vitae
1532 1328 1724 1383 professa
1764 1333 1847 1383 est,
1891 1329 2008 1371 nulla
2040 1342 2085 1372 re
2115 1328 2340 1383 quominus
2370 1341 2418 1371 se

271 1414 482 1464 exerceat,
514 1409 651 1452 vetari
682 1408 851 1464 potest).
912 1407 1113 1462 Denique
1145 1407 1275 1461 quin
1309 1408 1502 1462 sequitur
1530 1408 1802 1451 manifestum
1847 1415 1910 1451 est
1939 1409 2044 1452 Ben.
2079 1409 2148 1464 VI,
2182 1410 2218 1463 7,
2251 1409 2277 1451 2
2307 1408 2420 1451 Nam

265 1490 303 1532 si
334 1497 507 1533 coactus
540 1490 705 1544 aliquid
736 1489 834 1531 boni
866 1490 979 1544 fecit,
1011 1489 1113 1542 quin
1146 1503 1221 1531 nos
1254 1503 1336 1531 non
1370 1488 1546 1544 obliget,
1576 1488 1933 1532 manifestius
1965 1493 2063 1545 est,
2095 1501 2224 1544 quam
2255 1492 2301 1531 ut
2331 1488 2421 1531 ulla

268 1571 311 1613 in
345 1571 424 1613 hoc
456 1571 588 1614 verba
618 1569 908 1626 impendenda
940 1569 1038 1613 sint.

385 1651 611 1693 lniiniti
629 1664 730 1693 vus
763 1664 789 1693 a
820 1650 986 1693 Seneca
1018 1651 1191 1705 saepius
1222 1658 1452 1706 usurpatur
1481 1664 1610 1704 quam
1641 1665 1667 1693 a
1698 1651 1849 1693 ceteris
1881 1650 2097 1705 plerisque
2127 1649 2416 1706 scriptoribus.

268 1731 393 1782 Quod
422 1745 475 1774 ne
507 1731 721 1786 miremur,
754 1736 1000 1786 reputemus
1032 1730 1085 1785 ei,
1129 1744 1221 1773 cum
1266 1745 1287 1772 c
1327 1745 1443 1773 more
1480 1744 1584 1773 suae
1624 1731 1777 1773 aetatis
1811 1731 1995 1773 breviter
2035 1730 2235 1785 loquendi
2277 1729 2419 1773 studio

269 1812 492 1867 flagraret,
541 1812 797 1854 infinitivum
840 1811 897 1853 ad
942 1811 990 1853 id
1034 1811 1302 1853 efficiendum
1348 1812 1475 1854 valde
1528 1811 1728 1855 idoneum
1779 1810 1917 1854 visum
1959 1824 2066 1855 esse.
2125 1812 2189 1854 Ac
2235 1810 2419 1867 primum

274 1905 585 1948 saepenumero
615 1891 873 1934 substantivi
904 1891 996 1934 loco
1028 1896 1265 1946 usurpatur.
1325 1890 1623 1934 Praetermitto
1654 1895 1697 1933 et
1727 1904 1800 1934 eos
1830 1892 1968 1945 locos,
2000 1891 2155 1945 quibus
2184 1890 2420 1934 infinitivus

271 1985 367 2015 cnm
401 1971 716 2028 praepositione
746 1971 1036 2028 conjungitur,
1067 1976 1112 2014 ut
1146 1972 1244 2014 Ben.
1266 1972 1313 2027 V,
1334 1974 1397 2028 lo,
1423 1975 1438 2013 l
1474 1972 1731 2015 Etiamnunc
1760 1971 1939 2014 multum
1970 1971 2145 2015 interest
2174 1971 2286 2014 inter
2315 1970 2420 2015 dare

268 2059 310 2093 et
330 2053 526 2108 accipere
559 2057 600 2094 et
622 2066 708 2107 eos,
739 2052 897 2106 quibus
925 2051 1109 2095 nominis
1129 2052 1196 2094 vel
1228 2051 1489 2106 pronominis
1522 2051 1765 2106 explicandi
1796 2051 1939 2107 gratia
1965 2052 2205 2110 apponitur,
2236 2056 2283 2095 ut
2311 2052 2416 2097 Ben.

266 2134 345 2188 ΙΙΙ,
378 2136 447 2188 33,
477 2135 504 2175 2
537 2133 674 2186 adice,
706 2139 752 2175 ut
783 2159 836 2163 —
869 2131 1080 2187 majorem
1112 2132 1373 2175 nobilitatem
1406 2132 1534 2175 nobili
1565 2132 1657 2175 viro
1688 2131 1848 2176 adiciat
1882 2132 1965 2177 dici
1996 2130 2209 2188 Scipionis
2241 2136 2419 2190 patrem,

268 2214 347 2272 Ep.
385 2215 448 2270 12,
478 2216 506 2257 5
537 2219 613 2256 aut
643 2214 723 2257 hoc
754 2213 894 2269 ipsum
925 2212 1117 2256 succedit
1147 2213 1188 2256 in
1222 2214 1359 2257 locum
1392 2212 1672 2269 voluptatium
1711 2212 1839 2254 nullis
1873 2226 2023 2270 egere,
2065 2212 2278 2268 siquidem
2312 2212 2419 2256 haec

269 2294 475 2348 loquendi
506 2307 669 2350 genera
698 2307 753 2335 ne
784 2306 811 2334 a
841 2293 1046 2335 Cicerone
1076 2293 1245 2347 quidem
1277 2294 1421 2335 aliena
1451 2299 1560 2334 sunt.

383 2373 470 2417 Sed
500 2387 527 2416 a
569 2378 736 2430 recepto
769 2386 846 2416 usu
881 2387 1052 2429 prorsus
1083 2374 1308 2415 abhorrere
1356 2373 1536 2428 videtur,
1582 2373 1698 2426 quod
1729 2374 1896 2416 Seneca
1939 2373 2186 2429 genetivum
2217 2386 2313 2415 cum
2353 2372 2416 2415 in-

265 2456 427 2498 finitivo
459 2454 687 2509 conjunxit
717 2454 795 2509 Ep.
833 2455 924 2508 101,
963 2455 1013 2495 13
1044 2453 1157 2505 Quid
1188 2459 1327 2496 autem
1374 2454 1503 2509 hujus
1550 2454 1692 2496 vivere
1734 2460 1834 2496 est?
1882 2454 1956 2496 diu
1998 2454 2125 2509 mori,
2168 2453 2236 2496 cui
2277 2453 2417 2497 simile

264 2536 448 2578 alterum
481 2534 724 2589 exemplum
756 2533 957 2588 equidem
992 2534 1178 2588 proferro
1210 2548 1293 2577 non
1331 2547 1513 2590 possum.

383 2615 576 2669 Subjecti
609 2614 702 2658 vice
733 2614 927 2670 fungitur
967 2613 1199 2658 infinitivus
1230 2629 1313 2659 non
1344 2615 1480 2658 solum
1511 2614 1555 2658 in
1585 2613 1638 2658 iis
1670 2613 1903 2671 sententiiS,
1946 2627 2127 2670 quarum
2169 2612 2419 2670 praedicata

265 2704 364 2741 sunt
411 2697 541 2740 verba
588 2695 859 2752 prodesse
903 2695 972 2751 (N.
1005 2693 1053 2747 Q.
1086 2694 1155 2752 VI,
1186 2697 1223 2753 3,
1260 2698 1294 2740 1.
1358 2695 1436 2752 Ep.
1470 2696 1539 2751 25,
1587 2698 1636 2752 ὁ,
1682 2696 1751 2752 36,
1782 2697 1830 2752 4;
1873 2696 1943 2754 43,
1988 2696 2033 2752 43
2064 2695 2132 2753 82,
2163 2695 2210 2751 4;
2257 2694 2326 2753 83,
2360 2694 2414 2754 1),

268 2792 470 2822 nocere
502 2778 632 2833 (Dial.
666 2777 743 2831 ΙΙΙ,
774 2778 814 2831 6,
846 2779 898 2832 53
929 2776 999 2833 Vl,
1031 2777 1101 2833 20,
1130 2778 1180 2832 4;
1211 2777 1305 2834 Vll,
1339 2778 1374 2833 1,
1403 2777 1452 2833 43
1485 2777 1561 2834 Ep.
1606 2778 1670 2835 14,
1712 2775 1794 2835 10),
1833 2776 1912 2822 sed
1952 2775 2082 2821 etiam
2119 2776 2216 2820 alia.
2278 2774 2418 2828 Quam

266 2859 311 2902 in
344 2873 434 2903 rem
464 2859 741 2904 conterantur
770 2858 874 2903 Ben.
908 2858 978 2915 VI,
1010 2858 1049 2915 7,
1080 2859 1109 2902 4
1139 2871 1233 2901 cum
1265 2857 1434 2914 utrique
1462 2858 1574 2902 velle
1604 2857 1800 2916 defuerit,
1830 2857 1911 2915 Ep.
1941 2859 2010 2915 98,
2057 2859 2107 2901 11
2142 2856 2299 2902 habere
2338 2857 2417 2901 eri-

266 2941 393 2997 pitur,
443 2940 646 2983 habuisse
693 2952 935 2995 nunquam,
976 2939 1055 2995 Ep.
1090 2940 1156 2995 74,
1185 2941 1214 2983 4
1261 2952 1497 2996 paremque
1542 2939 1683 2995 passis
1727 2938 1946 2983 tristitiam
1992 2938 2098 2983 facit
2143 2937 2235 2995 pati
2280 2950 2419 2995 pooee.

262 3020 432 3065 Deinde
461 3020 703 3065 infinitivus
733 3018 975 3075 subjectum
1005 3024 1071 3064 est
1100 3033 1246 3064 earum
1276 3019 1604 3076 sententiarum,
1642 3032 1823 3075 quarum
1870 3018 2163 3076 praedicatum
2198 3032 2259 3062 -em
2289 3018 2423 3066 verbo
