2767 3489
379 249 589 295 ὀῡϋκα
611 249 822 304 Davi,
818 249 946 305 Q&
969 249 1214 306 pothone
1225 248 1437 305 m
1466 248 1656 343 (lubian.
1701 250 1755 295 Ν.
1779 240 2117 302 QIVProoem.
2138 239 2407 294 ”Bm

269 330 389 385 viic,
413 329 632 386 (ιίιῆίίιέ
658 329 792 385 Uergi
823 330 876 373 G.
901 331 945 386 8,
972 329 1092 387 2899ι

382 410 644 455 immunis
669 409 1068 465 Dia1.v}1‚213,5
1094 408 1299 453 vitiorum
1326 408 1542 465 immunis,
1571 408 1742 466 (Livius
1767 409 1861 465 jam
1888 408 2106 466 pactu-iv).

384 489 574 535 inan-is
603 490 684 547 Ep.
713 490 783 545 22,
816 490 868 533 17
899 490 1056 534 innon
1081 490 1270 535 omnium
1299 490 1520 545 bonorum,
1549 488 1697 546 (ΘΜ.
1729 490 1781 533 Η.
1806 492 1846 546 Β,
1868 489 1960 547 m).

385 569 591 613 nimius
619 570 722 614 Ben.
739 571 791 626 V,
813 572 853 627 6,
876 574 897 614 1
929 570 1256 626 nimius-nimi,
1283 569 1531 627 (addendus
1561 569 1633 613 hie
1660 570 1783 614 iocus
1812 570 1890 625 eie,
1922 575 2034 626 quos
2055 569 2181 613 Fore.
2212 580 2269 611 ex
2291 565 2411 623 Sall„

265 649 379 706 Lim,
407 648 547 695 Tacit.
574 650 738 708 effert).
1501 671 1504 673 ·

382 742 592 773 vacuus
622 731 737 774 Dial.
768 732 825 788 X,
854 733 895 787 4,
925 732 953 774 3
981 744 1163 775 vacuam
1194 757 1252 762 —
1280 719 1529 787 'dignitatia
1567 730 1786 787 (sinister
1816 730 2007 786 Terent„
2035 729 2226 785 Sail'ust„
2255 727 2409 771 Horat.

264 809 400 853 locuti
430 809 560 867 suut).
1800 868 1804 874 .

383 889 728 934 manifestus
756 890 808 934 N.
839 890 891 943 Q.
922 891 996 948 IV,
1026 892 1066 945 2,
1098 891 1125 935 8
1155 891 1268 935 Hinc
1292 891 1385 947 Jam
1415 890 1671 935 manifestus
1708 875 1918 934 novarum
1948 890 2104 932 virium
2145 888 2274 931 Nixus
2315 886 2406 930 alto

268 983 322 1014 ac
350 969 565 1027 profundo
608 970 735 1016 alveo
765 970 913 1028 fertur,
956 970 1071 1030 (oum
1109 983 1207 1029 gen.
1246 972 1378 1015 etiam
1407 973 1560 1029 Plaut,
1592 971 1782 1028 Sallust„
1814 971 1956 1028 ovid„
1988 971 2128 1014 Tacit.
2158 969 2199 1012 h.
2230 982 2271 1011 v.
2302 981 2406 1011 con-

263 1049 534 1109 junxerunt.)

385 1130 623 1175 timidus
653 1132 768 1176 Dial.
788 1131 840 1187 V,
862 1132 930 1188 24,
955 1134 985 1176 4
1013 1132 1212 1177 timidum
1242 1132 1516 1188 offensarum,
1548 1132 1662 1175 Dial.
1680 1132 1776 1188 VH,
1796 1133 1865 1188 20,
1889 1133 1917 1175 6
1947 1133 2170 1175 Nocturna
2199 1128 2407 1172 animalia

269 1209 487 1254 abduntur
516 1211 561 1254 in
607 1212 777 1267 aliquas
815 1212 946 1256 rimas
983 1212 1137 1257 timida
1163 1212 1284 1269 lucis,
1317 1212 1394 1269 Ep.
1425 1213 1495 1269 22,
1530 1213 1586 1256 14
1623 1212 1822 1256 timidum
1860 1212 2021 1269 mortiS‚
2061 1210 2233 1269 (eodem
2271 1207 2400 1252 modo

271 1289 421 1333 Horat.
452 1290 492 1335 h.
525 1304 617 1335 voc.
648 1293 699 1336 A.
731 1292 779 1335 P.
809 1292 864 1337 28
895 1292 1133 1349 usurpavit,
1163 1305 1234 1348 ap.
1266 1291 1516 1336 Ciceronem
1548 1291 1752 1348 „timidus
1784 1291 1841 1335 ad
1870 1292 2078 1336 mortem“
2108 1289 2286 1345 exstat.)

387 1374 505 1415 tot-u
519 1384 540 1416 s
571 1372 675 1416 Ben.
707 1373 786 1429 111,
814 1375 855 1430 4,
882 1374 910 1417 2
940 1372 1165 1426 Quomodo
1195 1378 1346 1429 gratus
1375 1385 1470 1417 esse
1500 1373 1729 1429 quisquam
1769 1372 1979 1416 adversus
2009 1370 2223 1415 beneficia
2250 1370 2405 1426 potest,

270 1450 345 1505 qui
375 1464 546 1496 omnem
576 1454 712 1497 vitam
740 1467 863 1497 suam
892 1454 1081 1497 transilit
1111 1454 1404 1511 praesentium
1433 1458 1549 1498 totus
1579 1467 1632 1497 ac
1671 1453 1946 1497 futurorum?
1993 1452 2089 1509 VII,
2120 1453 2189 1506 26,
2219 1451 2248 1493 4
2280 1448 2403 1492 Alius

273 1530 454 1577 libidine
486 1533 660 1589 insanit,
691 1534 802 1578 alius
830 1533 1051 1577 abdomini
1080 1534 1227 1591 servit,
1257 1533 1370 1578 alius
1399 1533 1508 1577 lucri
1539 1538 1656 1578 totus
1683 1538 1760 1578 est.
1814 1533 2026 1590 (Utroque
2057 1533 2152 1576 loco
2176 1544 2256 1589 per
2277 1540 2407 1585 gene-

273 1611 408 1656 tivum
439 1613 555 1658 idem
577 1613 857 1670 significatur,
875 1613 990 1670 quod
1007 1614 1246 1658 Horatiano
1267 1615 1341 1658 illo
1362 1615 1455 1659 loco
1487 1615 1660 1671 „nescio
1683 1613 1788 1670 quid
1810 1614 2027 1658 meditans
2057 1624 2270 1669 nugarum
2290 1614 2406 1653 totus

276 1691 321 1734 in
344 1692 457 1735 ill-is“
488 1707 567 1750 per
599 1693 671 1750 „in
702 1694 815 1736 illis“
836 1698 880 1736 et
909 1698 1069 1736 totus
1098 1695 1214 1737 idem
1245 1700 1311 1738 est
1341 1699 1471 1748 atque
1502 1699 1748 1750 occupatus.
1809 1694 1911 1737 Alia
1940 1693 2051 1737 ratio
2081 1696 2147 1736 est
2176 1690 2294 1734 tertii
2326 1688 2412 1731 loci

273 1771 352 1828 Ep.
387 1772 482 1828 120,
516 1774 564 1817 11
601 1772 714 1817 Hinc
744 1773 964 1818 intellecta
994 1777 1061 1818 est
1090 1774 1166 1818 illa
1196 1774 1326 1818 beata
1355 1774 1447 1818 vita
1477 1774 1668 1819 secundo
1709 1773 1905 1818 defluens
1947 1785 2087 1829 cursu,
2126 1768 2295 1815 arbitrii
2339 1766 2407 1811 sui

273 1856 377 1908 tota,
409 1852 482 1896 ubi
512 1853 709 1908 „arbitrii
739 1853 832 1897 sui“
870 1867 956 1898 non
987 1867 1015 1897 a
1042 1854 1181 1911 ‚,tota“
1211 1854 1381 1911 pendet.
1442 1855 1556 1898 Num
1587 1859 1763 1912 praeter
1794 1854 2004 1898 Senecam
2035 1852 2262 1908 quisquam
2293 1848 2406 1892 alius

272 1935 389 1976 totus
419 1946 452 1975 c.
485 1946 583 1988 gen.
609 1933 817 1989 junxerit,
847 1933 1028 1990 nescio.)

387 2013 486 2056 Jam
527 2028 631 2057 vero
675 2028 972 2057 enumeremus
1015 2027 1069 2057 ea
1107 2014 1339 2069 adjectiva,
1381 2027 1492 2069 quae
1533 2015 1732 2070 quamvis
1776 2028 1861 2059 non
1900 2013 2084 2058 relativa
2118 2012 2216 2069 sint,
2261 2015 2405 2055 tamen

274 2094 522 2148 genetivum
551 2095 636 2139 sibi
681 2095 877 2139 additum
909 2095 1078 2138 habent.
1134 2093 1244 2138 Sunt
1274 2095 1365 2139 fere
1396 2095 1525 2139 haec:
1567 2096 1772 2139 anxius
1805 2095 1886 2152 Ep.
1915 2096 1984 2151 98,
2016 2096 2041 2140 6
2074 2093 2229 2138 anxius
2259 2089 2405 2146 futuri,

275 2174 493 2231 (similiter
522 2175 663 2232 Ovid.,
695 2176 804 2219 Plin.
834 2176 949 2232 maj„
982 2175 1160 2220 Tacitus
1202 2176 1333 2220 locuti
1375 2177 1515 2233 sunt);
1550 2182 1799 2221 maturus
1830 2177 1944 2221 Dial.
1976 2176 2031 2234 X,
2064 2176 2129 2231 17,
2170 2175 2197 2219 6
2236 2172 2322 2217 Ivit
2360 2171 2406 2215 in

274 2255 444 2300 Poenos
473 2256 663 2300 nondum
692 2262 839 2301 tantae
869 2261 1061 2300 maturus
1091 2256 1155 2300 rei
1178 2256 1337 2313 Scipi0,
1370 2257 1462 2314 (cfr.
1487 2257 1616 2314 Verg.
1641 2259 1691 2302 A.
1715 2259 1755 2314 5,
1774 2259 1828 2302 73
1857 2257 1957 2302 aevi
1978 2260 2169 2301 maturus
2187 2251 2407 2309 Acestes);

277 2340 464 2380 rectus
505 2336 619 2380 Dial.
653 2337 757 2393 VII,
790 2339 829 2391 6,
871 2338 898 2379 2
937 2337 1098 2380 Beatus
1136 2350 1238 2392 ergo
1278 2343 1344 2381 est
1375 2338 1531 2393 judicii
1564 2343 1719 2392 rectus,
1763 2339 1897 2395 (solus
1928 2337 2096 2381 Seneca
2138 2336 2201 2379 sic
2241 2335 2408 2377 locutus

276 2428 373 2459 esse
404 2411 620 2473 videtur),
652 2429 889 2460 securus
917 2417 969 2460 N.
1004 2415 1052 2468 Q„
1084 2416 1157 2472 VI,
1183 2419 1219 2472 1,
1249 2418 1276 2460 2
1306 2417 1496 2473 (motus),
1528 2418 1602 2474 qui
1633 2418 1917 2475 Campaniam
1947 2429 2179 2471 numquam
2209 2427 2405 2458 securam

276 2495 405 2551 hujus
436 2497 537 2540 mali
567 2523 623 2528 —
663 2510 821 2553 magna
865 2502 1010 2554 strage
1051 2497 1259 2553 vastavit,
1309 2498 1386 2554 Ep.
1421 2499 1516 2554 115,
1560 2500 1612 2542 18
1654 2498 1755 2541 dum
1785 2498 1841 2542 sit
1871 2510 2053 2554 magnus
2084 2501 2127 2540 et
2157 2495 2407 2553 opinionum

276 2588 455 2621 securus
492 2576 712 2634 (animus),
744 2578 961 2634 (similiter
990 2578 1131 2634 Ovid.‚
1163 2577 1321 2634 Quint„
1352 2579 1491 2620 Tacit.
1523 2579 1654 2622 locuti
1686 2579 1824 2635 sunt);
1869 2578 2158 2621 sollicitus
2188 2576 2303 2618 Dial.
2334 2574 2410 2629 VI,

280 2657 346 2713 19,
376 2658 404 2702 6
434 2671 520 2701 non
550 2658 760 2702 sollicitus
790 2659 923 2702 futuri
950 2658 1123 2716 pendet,
1160 2658 1363 2715 (alterum
1395 2660 1544 2713 locum,
1579 2660 1663 2714 qu'o
1694 2660 1903 2702 sollicitus
1934 2672 1968 2701 c.
1999 2672 2095 2714 gen.
2134 2657 2410 2711 conjunctum

276 2743 355 2793 est,
386 2738 543 2786 afferre
573 2752 657 2783 non
687 2752 874 2797 possum.
933 2738 1084 2783 Cicero
1115 2739 1324 2784 sollicitus
1345 2740 1400 2783 de
1421 2739 1569 2795 aliqua
1591 2753 1649 2796 re,
1681 2739 1827 2792 Quint.
1862 2739 1907 2782 in
1937 2739 2128 2795 aliquam
2159 2750 2249 2781 rem
2268 2735 2410 2790 dixit).

277 2819 447 2874 Agmen
469 2818 645 2863 claudat
673 2818 935 2875 adjectivum
965 2819 1235 2876 adtentus,
1265 2819 1382 2875 quod
1411 2823 1454 2864 et
1483 2821 1624 2877 ipsum
1656 2832 1752 2863 cum
1788 2820 1992 2876 genetivo
2023 2824 2314 2863 constructum
2343 2822 2409 2860 est

271 2896 333 2942 ,de
364 2897 497 2943 Clem.
529 2899 585 2956 ΙΙ,
615 2900 655 2956 5,
685 2900 734 2943 3:
764 2899 842 2943 sed
871 2899 990 2942 nulla
1020 2898 1176 2957 (secta)
1205 2901 1418 2943 amantior
1446 2899 1666 2943 hominum
1698 2904 1741 2943 et
1772 2901 2010 2943 communis
2040 2900 2143 2943 boni
2173 2899 2402 2943 adtentior.

393 2979 464 3022 Ad
495 2979 744 3023 dativum
778 2980 1020 3023 transeunti
1048 2980 1155 3023 mihi
1185 2981 1231 3024 in
1261 2985 1446 3024 mentem
1476 2983 1598 3024 venit
1627 2982 1813 3037 primum
1844 2995 1991 3024 eorum
2022 2983 2224 3035 locorum,
2256 2981 2412 3035 quibus

2207 3063 2229 3096 2
