2767 3489
1370 86 1427 128 22

327 208 455 252 modo
487 208 599 252 bane
640 209 898 253 locutionem
942 213 1114 265 praeter
1144 208 1315 253 Celsum
1348 208 1517 253 Plinius
1559 208 1697 264 major
1738 210 1914 266 saepius
1946 214 2137 267 usurpat,
2169 209 2244 265 qui
2278 208 2392 254 idem
2423 223 2476 264 „e

332 288 497 331 vicino“
527 288 694 343 habet.)

444 368 544 413 Jam
576 382 680 414 vero
720 368 941 425 adjectiva
980 381 1008 412 a
1038 368 1208 414 Seneca
1248 381 1364 413 more
1407 373 1633 426 poetarum
1679 381 1992 426 saepenumero
2021 370 2131 427 ,loco
2169 369 2474 415 adverbiorum

326 453 557 506 ponuntur,
587 449 721 493 veluti
756 449 868 493 Dial.
902 449 981 504 III,
1013 450 1079 506 11,
1111 450 1138 493 6
1170 450 1328 494 bellum
1362 450 1406 493 in
1439 449 1630 493 Africam
1670 450 1893 493 transtulit
1934 454 2020 493 tam
2054 451 2209 495 lentus.
2273 450 2472 505 Denique

335 530 412 586 Ep.
443 531 510 584 86,
545 532 565 572 1
601 528 841 584 Cambyses
873 529 1062 573 furiosus
1093 529 1206 573 dixit
1237 530 1396 573 omisso
1427 530 1638 573 vocabulo
1670 529 1861 583 „homo“.

452 610 496 651 In
539 607 950 652 adverbiorum
1002 622 1081 653 usu
1114 608 1282 653 Seneca
1324 614 1477 665 poetas
1517 609 1711 653 imitatus
1758 623 1786 652 a
1830 609 2022 666 priorum
2066 623 2222 666 prosae
2267 609 2476 654 orationis

330 690 588 746 scriptorum
621 688 936 733 consuetudine
969 702 1021 733 eo
1053 690 1245 745 recessit,
1276 690 1391 744 quod
1423 695 1597 746 praeter
1628 689 1851 744 adverbia,
1882 689 2039 744 quibus
2061 690 2129 734 vis
2160 689 2474 745 adjectivorum

328 774 526 825 augetur,
559 770 678 814 velut
695 769 861 826 „valde,
893 769 1153 814 admodum“
1184 771 1321 814 multa
1343 770 1432 813 alia
1455 770 1519 814 eis
1550 769 1761 823 adjunxit.
1824 769 1982 813 Nescio
2013 785 2068 813 an
2097 785 2257 825 operae
2288 771 2472 826 pretium

336 849 392 894 sit
431 849 599 905 aliquot
645 849 764 894 locos
810 849 993 894 afferre:
1042 848 1157 893 Dial.
1193 850 1245 903 II,
1290 852 1353 904 1⁵²,
1394 855 1403 893 l
1457 851 1590 905 igitur
1634 855 1778 893 exstat
1823 849 2159 894 contumeliosus
2206 850 2474 904 mirabiliter,

331 931 383 975 D.
416 930 486 980 VI,
519 931 585 983 18,
615 932 646 974 4
690 929 903 984 aliterque
958 929 1189 979 mirabilis.
1229 931 1279 973 D.
1314 931 1408 986 VII,
1454 933 1522 985 23,
1554 933 1581 973 2
1631 931 1790 986 optime
1839 930 2030 984 divitem,
2066 930 2117 973 D.
2152 932 2206 983 X,
2242 933 2306 984 18,
2337 932 2365 974 5
2412 931 2473 973 iu-

327 1011 514 1055 feliciter
545 1010 722 1067 superbi
753 1010 882 1066 regiS,
918 1011 968 1053 D.
989 1011 1090 1065 XII,
1117 1012 1182 1065 13.
1216 1012 1242 1054 6
1272 1011 1442 1055 fortiter
1471 1011 1620 1061 miser-3
1658 1012 1758 1054 Ben.
1794 1011 1848 1063 11,
1887 1011 1989 1063 10,1
2028 1011 2238 1053 inutiliter
2270 1024 2474 1054 verecun-

322 1090 422 1146 dus,
444 1090 516 1144 IV,
539 1090 608 1143 31,
631 1092 659 1135 5
691 1089 907 1134 hominem
940 1094 1028 1134 tam
1061 1091 1203 1147 palam
1236 1092 1509 1146 obscoenum.
1544 1092 1614 1145 Vl,
1652 1093 1716 1147 11,
1748 1092 1775 1134 2
1806 1090 1992 1135 feliciter
2025 1091 2217 1145 inertem,
2254 1091 2325 1147 VI,
2354 1091 2424 1147 25,
2448 1092 2477 1135 5

329 1184 535 1229 perverse
565 1172 693 1226 grati,
726 1171 798 1227 VI,
829 1172 900 1226 37,
936 1174 957 1215 1
992 1171 1334 1228 intemperanter
1364 1172 1501 1216 libera
1532 1171 1748 1229 (civitas),
1781 1172 1833 1215 N.
1867 1170 1919 1223 Q.
1950 1172 1983 1225 1,
2018 1174 2053 1226 1,
2089 1172 2143 1213 10
2175 1184 2275 1215 vere
2308 1183 2477 1228 magna,

326 1253 382 1295 ib.
421 1253 471 1294 13
509 1252 753 1306 aequaliter
793 1252 917 1304 citus,
950 1252 1022 1306 Vl,
1058 1255 1094 1307 1,
1127 1254 1150 1295 7
1196 1252 1367 1308 publice
1414 1252 1613 1306 noxium3
1658 1252 1735 1308 Ep.
1766 1253 1835 1307 47,
1871 1252 1922 1294 17
1963 1251 2148 1308 superbe
2193 1250 2474 1307 superiorem,

327 1333 403 1389 Ep.
431 1332 544 1387 73,5
575 1332 754 1376 effusius
784 1339 949 1387 gratus,
981 1332 1060 1389 Ep.
1084 1333 1151 1383 85,
1177 1334 1229 1375 19
1261 1333 1454 1388 perfecte
1487 1332 1672 1388 beatum,
1703 1331 1758 1375 ib.
1787 1332 1845 1375 20
1875 1344 2039 1375 summe
2072 1332 2213 1386 beata,
2240 1332 2316 1388 Ep.
2334 1331 2403 1388 93,
2422 1331 2477 1374 12

330 1420 419 1455 tam
470 1414 599 1455 stulti*
646 1412 872 1469 cupidum,
916 1413 992 1469 Ep.
1036 1414 1140 1468 100,
1182 1415 1236 1456 10
1282 1413 1471 1455 oratorie
1518 1426 1640 1468 acre,
1690 1412 1855 1468 tragice
1900 1411 2090 1467 grande,
2138 1412 2300 1455 comice
2347 1411 2475 1455 exile.

326 1493 494 1546 Quibus
526 1494 631 1536 locis
663 1493 854 1535 addendi
887 1506 983 1536 esse
1017 1493 1218 1536 videntur
1250 1493 1315 1537 hi:
1350 1495 1424 1551 Ep.
1451 1495 1519 1550 94,
1543 1495 1597 1537 72
1628 1506 1763 1550 parvo
1785 1492 1977 1550 divitem,
2009 1492 2087 1550 Ep.
2106 1493 2222 1549 31,4
2252 1492 2297 1535 in
2313 1504 2474 1536 vanum

326 1575 512 1632 operosi,
554 1575 630 1630 Ep.
670 1576 761 1630 100,
794 1577 820 1616 6
867 1588 921 1616 ex
968 1573 1144 1616 horrido
1190 1579 1417 1631 comptam,
1459 1574 1508 1616 D.
1543 1575 1595 1629 ΙΙ,
1632 1575 1696 1629 17,
1729 1574 1755 1616 2
1803 1587 1881 1629 per
1922 1572 2227 1616 contumeliam
2275 1572 2479 1629 urbanus,

332 1656 382 1698 D.
418 1655 512 1708 VII,
543 1657 583 1711 5,
615 1656 642 1697 2
675 1655 716 1697 in
751 1667 1002 1710 perversum
1035 1654 1200 1697 sollers.
2017 1641 2020 1643 Δ

444 1734 586 1777 Etiam
615 1735 659 1777 in
706 1733 1089 1790 pronominum
1132 1747 1212 1777 usu
1243 1733 1409 1778 Seneca
1440 1733 1714 1787 aliquatenus
1745 1748 1773 1775 a
1803 1732 2012 1788 prioribus
2044 1731 2195 1777 differt.
2257 1732 2367 1776 Nam
2400 1747 2474 1788 pro

326 1820 497 1870 recepto
541 1828 690 1869 „nemo
721 1813 921 1869 sapiens“
951 1813 1062 1857 dixit
1101 1814 1267 1871 „nullus
1309 1813 1483 1869 sapiens
1522 1811 1652 1867 (Dial.
1686 1812 1740 1868 ΙΙ,
1772 1813 1811 1869 2,
1845 1812 1887 1869 1)
1916 1817 1960 1856 et
1992 1812 2283 1869 „quisquam“,
2313 1811 2485 1869 „ullus“

326 1895 385 1937 ibi
417 1895 570 1951 posuit,
613 1895 685 1936 ubi
715 1899 938 1950 exspectes
968 1893 1197 1951 „aliquis“;
1230 1894 1303 1936 cfr.
1337 1893 1439 1936 Ben.
1472 1893 1521 1949 V,
1557 1897 1591 1950 1,
1621 1895 1648 1934 3
1684 1893 1778 1947 jam
1810 1893 1977 1936 bonitas
2020 1899 2093 1935 tua
2125 1906 2175 1936 eo
2218 1905 2355 1948 usque
2386 1907 2479 1949 pro-

327 1976 449 2031 lapsa
480 1979 562 2030 est,
603 1979 649 2017 ut
689 1973 765 2017 tibi
805 1972 901 2017 dari
937 1978 1061 2030 putes
1104 1973 1374 2029 beneficium,
1417 1973 1533 2028 quod
1564 1973 1640 2017 ulli
1683 1973 1821 2029 datur,
1863 1973 1939 2029 Ep.
1971 1974 2039 2030 33,
2089 1973 2118 2015 4
2162 1972 2317 2030 omnia,
2363 1986 2478 2029 quae

326 2054 553 2110 quisquam
583 2054 626 2096 in
658 2053 732 2097 illo
763 2054 1039 2098 contubernio
1070 2055 1235 2097 locutus
1264 2060 1340 2109 est,
1372 2053 1498 2096 unius
1528 2053 1658 2097 ductu
1689 2058 1733 2096 et
1764 2052 1969 2109 auspiciis
2000 2053 2115 2097 dicta
2154 2059 2265 2109 sunt,
2296 2053 2374 2108 Ep.
2410 2055 2477 2109 71,

288 2149 290 2151 ’
326 2135 384 2179 35
427 2133 464 2178 si
504 2133 734 2189 quicquam
766 2147 819 2177 ex
851 2132 993 2178 studio
1025 2138 1067 2177 et
1096 2132 1213 2178 fideli
1241 2132 1474 2177 intentione
1505 2133 1766 2189 laxaverint,
1804 2136 1915 2177 retro
1954 2132 2142 2177 eundum
2184 2138 2258 2177 est.
2319 2132 2478 2178 Contra

326 2213 481 2271 „quid“
511 2217 654 2258 exstat
684 2213 762 2269 Ep.
792 2213 862 2270 44,
900 2216 932 2269 l,
963 2213 1035 2257 ubi
1065 2211 1348 2269 „quidquam“
1379 2218 1656 2269 exspectatur
1685 2212 1739 2268 (si
1771 2213 1875 2269 quid
1905 2218 1970 2258 est
1999 2212 2118 2257 aliud
2139 2213 2183 2257 in
2207 2213 2480 2270 philosophia

329 2295 439 2349 boni,
474 2294 552 2338 hoc
584 2294 676 2350 est).
736 2293 870 2350 Digni
908 2294 1056 2350 etiam,
1100 2294 1171 2349 qui
1210 2294 1461 2349 afferantur,
1491 2293 1689 2336 videntur
1732 2293 1773 2336 hi
1817 2294 1900 2338 duo
1945 2295 2021 2337 loci
2067 2308 2185 2338 esse:
2232 2295 2307 2349 Ep.
2340 2296 2409 2351 51,
2450 2296 2478 2338 2

328 2376 406 2420 sed
437 2373 798 2430 quemadmodum
832 2373 980 2428 aliqua
1011 2374 1142 2417 vestis
1174 2374 1355 2429 sapienti
1389 2390 1438 2417 ac
1471 2374 1600 2428 probo
1633 2374 1722 2416 viro
1764 2375 1903 2430 magis
1934 2375 2132 2418 convenit.
2162 2389 2291 2428 quam
2330 2375 2479 2430 aliqua
2567 2405 2576 2414 s

326 2461 371 2498 et
402 2455 478 2510 Ep.
513 2456 581 2510 88,
612 2455 665 2496 27
712 2459 754 2497 et
784 2453 926 2509 qualis
969 2455 1302 2509 t'orma.speculi
1337 2454 1486 2508 quales
1527 2454 1738 2510 imagines
1780 2454 1940 2498 reddat.
2008 2456 2199 2509 Denique
2240 2455 2475 2499 secundum

327 2533 679 2578 consuetudinem
712 2533 827 2576 illius
862 2533 1023 2577 saeculi
1054 2533 1254 2576 ablativis
1278 2533 1570 2589 pronominum
1601 2534 1772 2589 saepius
1804 2535 1935 2577 utitur
1965 2535 2007 2577 in
2039 2534 2250 2588 ejusmodi
2287 2534 2478 2578 enuntia-

327 2615 537 2658 tionibus:
569 2613 663 2665 Quo
695 2614 779 2657 alio
812 2613 972 2657 Fabius
1004 2613 1196 2656 adfectas
1235 2613 1403 2669 imperii
1435 2614 1547 2657 vires
1589 2614 1796 2657 recreavit
1826 2628 1955 2669 quam
1997 2614 2112 2669 quod
2151 2639 2205 2645 —-
2232 2615 2363 2661 (Dial.
2399 2615 2477 2670 111,

330 2698 393 2751 11,
426 2697 484 2749 5).
559 2695 642 2737 Cfr.
683 2694 795 2738 Dial.
827 2695 898 2751 IV,
929 2696 968 2750 8,
1010 2695 1037 2737 3
1072 2694 1150 2737 hoc
1190 2699 1332 2738 autem
1372 2707 1457 2736 uno
1497 2693 1710 2737 differunt.
1781 2695 1883 2738 Ben.
1920 2695 1986 2750 1V,
2032 2696 2103 2751 18,
2148 2698 2163 2737 1
2209 2708 2293 2749 quo
2323 2694 2408 2737 alio
2437 2699 2481 2738 et

325 2775 452 2830 paulo
482 2774 596 2817 infra
624 2775 728 2830 „hoc
760 2773 880 2816 uno“.
940 2774 1045 2817 Ben.
1076 2773 1140 2830 II,
1171 2776 1239 2829 25,
1275 2776 1294 2816 1
1328 2773 1459 2816 Nullo
1488 2774 1628 2830 magis
1646 2773 1876 2817 Caesarem
1895 2776 2139 2832 Augustum
2169 2774 2389 2831 demeruit,
2419 2799 2480 2807 --

324 2868 456 2909 quam
486 2855 613 2909 quod.
645 2856 697 2898 N.
724 2854 772 2906 Q.
795 2855 866 2909 VI,
892 2856 956 2910 16,
979 2857 1005 2897 2
1037 2868 1116 2897 nec
1138 2855 1224 2896 ullo
1255 2855 1350 2897 alio.
1382 2854 1458 2909 Ep.
1482 2856 1549 2909 33,
1573 2856 1600 2895 2
1622 2855 1699 2897 sed
1729 2855 1802 2897 illo
1832 2856 1972 2912 magis
1994 2855 2266 2908 adnotantur,
2285 2854 2397 2909 quia.
2421 2879 2478 2886 —

444 2935 584 2978 Etiam
615 2936 659 2977 in
692 2935 976 2978 modorum
1008 2940 1051 2978 et
1087 2934 1565 2988 conjunctionum
1598 2947 1678 2977 usu
1709 2934 1876 2978 Seneca
1905 2949 1933 2978 a
1963 2935 2173 2991 prioribus
2205 2934 2356 2978 differt.
2415 2934 2481 2978 Ac
