2767 3489
485 1137 612 1229 De-
625 1164 629 1210 1
658 1138 774 1232 L
805 1138 1132 1229 Annaei*
1188 1138 1536 1230 Senecae
1595 1166 1898 1254 genere
1958 1138 2296 1229 dicendi.

458 1383 827 1448 Circumspicienti
875 1385 980 1435 mihi
1030 1391 1275 1450 materiam,
1335 1405 1462 1448 quam
1511 1392 1557 1435 in
1609 1392 1690 1436 hoc
1739 1391 1883 1436 libello
1932 1391 2199 1436 tractandam
2247 1391 2461 1450 eligerem,

330 1465 495 1530 injecta
525 1476 600 1515 est³
618 1470 845 1529 cupidita-s¹
862 1471 919 1515 ad
950 1479 1045 1515 eam
1075 1472 1312 1516 litterarum
1342 1472 1610 1528 antiquarum
1641 1476 1803 1529 partem
1834 1472 2054 1529 redeundi,
2083 1472 2139 1515 ad
2169 1486 2296 1528 quam
2319 1473 2462 1528 expla-

332 1550 527 1594 nandam*
550 1545 716 1594 duabus
748 1546 904 1594 eadem
921 1551 1135 1595 scribendi
1165 1551 1387 1596 occasione
1415 1551 1619 1596 confectis
1649 1551 2071 1595 commentationibus
2091 1565 2262 1608 operam
2293 1552 2462 1595 navavi.

332 1630 388 1673 Et
417 1624 619 1694 quoniam
649 1631 785 1674 altera
813 1631 858 1673 in
889 1632 1134 1675 universum
1164 1630 1218 1676 de
1238 1623 1490 1688 discrimine,
1522 1630 1637 1686 qued
1658 1631 1768 1675 inter
1790 1644 1945 1674 aureae
1975 1637 2018 1674 et
2048 1636 2280 1687 argenteae
2307 1631 2461 1674 aetatis

329 1703 677 1755 consuetudinem
698 1701 870 1767 dicendi
895 1709 1132 1768 intercedit,
1163 1709 1392 1768 disputavi,
1423 1711 1559 1756 altera
1576 1703 1706 1762 Plinii
1734 1710 1910 1766 majoris
1935 1711 2137 1766 loquendi
2160 1725 2303 1766 *genus
2334 1712 2460 1767 paulo

329 1786 570 1835 accuratius
599 1790 854 1848 examinavi,
885 1803 998 1834 nunc
1028 1790 1082 1833 de
1113 1790 1305 1846 aequalis
1336 1790 1524 1834 Senecae
1555 1773 1796 1847 philosophi
1826 1790 1996 1834 dicendi
2027 1804 2184 1847 genere
2215 1791 2362 1846 paucis
2393 1804 2462 1834 ex-

330 1869 487 1933 ponere
509 1870 695 1914 animum
715 1871 876 1914 induxi.
936 1871 1027 1914 Nec
1049 1875 1191 1914 tamen
1211 1883 1281 1913 me
1302 1859 1424 1927 fugit,
1454 1883 1580 1925 quam
1599 1869 1773 1913 difficile
1796 1883 1902 1925 opus
1921 1869 2190 1926 susceperim.
2232 1870 2343 1913 Nam
2364 1884 2460 1913 cum

331 1944 560 1995 Fickertu's
589 1950 659 2008 id,
700 1946 820 2007 quod
852 1938 898 1995 in
940 1953 1091 2006 quarto
1121 1951 1234 1994 tomo
1264 1948 1461 1994 editionis
1490 1964 1595 1994 suae
1634 1950 1913 1994 1842—1845
1943 1951 1986 1992 in
2026 1952 2164 1992 lucem
2195 1951 2385 2004 prolatae
2414 1964 2460 1992 se

333 2026 615 2075 tractaturum
646 2022 909 2089 promiserat,
936 2029 1078 2075 adhuc
1108 2022 1330 2074 absolvere
1358 2029 1665 2086 supersederit,
1696 2035 1864 2086 praeter
1893 2044 1966 2086 ea,
1997 2045 2107 2085 quae
2138 2030 2324 2073 Haasius
2339 2029 2380 2086 ²³²)
2415 2030 2459 2072 in

334 2104 685 2168 praefationiBus
704 2106 899 2155 editionis
929 2123 1033 2154 suae
1063 2110 1116 2154 de
1144 2110 1334 2154 Senecae
1365 2124 1521 2166 genere
1552 2110 1723 2154 dicendi
1754 2111 1938 2168 protulit,
1967 2111 2071 2153 mihi
2100 2112 2191 2153 sola
2219 2111 2460 2153 dissertatio

332 2183 539 2248 Boelimii,
569 2195 1014 2247 quae-programmate
1043 2200 1235 2247 gymnas.
1265 2189 1378 2234 Oels.
1404 2191 1513 2234 1840
1542 2191 1790 2247 continetur,
1820 2191 2076 2233 adminiculo
2109 2191 2200 2233 fuit.
2261 2191 2339 2233 Cui
2369 2191 2460 2233 viro

338 2270 462 2314 docto
488 2270 714 2332 assentior,
744 2270 860 2324 quod
888 2270 1117 2313 admodum
1134 2260 1262 2313 ¹‘dolet
1288 2268 1477 2313 Senecae
1506 2270 1637 2313 libros
1666 2284 1752 2312 non
1776 2270 1869 2324 jam
1887 2271 1929 2312 in
1943 2271 2138 2312 manibus
2157 2270 2457 2326 discipulorum

331 2361 436 2393 esse.
477 2346 673 2404 Namque
701 2348 754 2392 iis
786 2345 839 2392 et*
856 2350 1001 2406 multa,
1032 2360 1143 2404 quae
1173 2340 1231 2392 ad
1258 2363 1397 2392 mores
1426 2354 1468 2392 et
1498 2349 1614 2393 faeta
1645 2350 1768 2405 primi
1791 2364 1829 2405 p.
1846 2349 1941 2392 Chr.
1959 2365 1995 2392 n.
2028 2351 2187 2392 saeculi
2217 2350 2457 2393 accuratius

333 2420 631 2485 cognoscenda
660 2427 885 2484 pertinent,
914 2424 956 2472 et
984 2423 1205 2485 praeclara
1234 2428 1472 2484 sapientiae
1502 2434 1733 2484 praecepta
1754 2429 2033 2485 continentur,
2063 2443 2174 2484 quae
2203 2429 2456 2483 quibusdam

332 2506 826 2552 &Christianafloetrina
840 2507 957 2550 haud
970 2507 1032 2550 ita
1051 2507 1229 2550 multum
1250 2507 1410 2550 distare
1431 2507 1526 2550 visa
1545 2508 1721 2564 sunt.**)
1752 2507 1873 2559 Quae
1894 2522 2025 2551 causa
2045 2509 2135 2565 fuit,
2157 2522 2232 2551 cur
2251 2509 2458 2565 epistulae

446 2691 479 2733 *)
503 2689 623 2735 Hujus
648 2688 843 2724 editionem
867 2687 1159 2724 Teubnerianam
1182 2687 1221 2723 in
1245 2687 1439 2724 afferendis
1462 2687 1551 2723 locis
1578 2693 1723 2724 secutus
1748 2699 1838 2724 sum.

421 2760 478 2805 ⁸³⁸)
500 2758 669 2803 Exempli
689 2758 808 2803 gratia
833 2757 970 2803 aliquot
993 2757 1090 2793 locos
1114 2757 1245 2792 afferre
1269 2757 1373 2793 libet:
1397 2756 1504 2792 Clem.
1529 2757 1557 2801 1,
1581 2756 1636 2801 24,
1662 2757 1683 2791 2
1713 2757 1852 2791 Nat-ura
1877 2761 2071 2793 contumax
2094 2762 2150 2793 est
2174 2758 2355 2795 humanus
2381 2760 2459 2796 ani-

328 2827 410 2854 mus
445 2820 483 2853 et
518 2816 558 2853 in
582 2816 805 2854 contrarium
843 2820 951 2861 atque
976 2815 1129 2851 arduum
1152 2810 1288 2859 nitens;
1323 2816 1389 2860 Ep.
1413 2814 1467 2857 83,
1492 2815 1512 2848 1
1568 2815 1733 2859 Singulos
1770 2814 1847 2849 dies
1884 2815 1950 2849 tibi
1986 2826 2086 2850 meos
2122 2821 2158 2851 et
2193 2817 2338 2860 quidem
2363 2823 2459 2854 totos

326 2873 487 2918 indicari
507 2873 631 2920 jubes:
655 2874 748 2909 bene
773 2873 818 2909 de
841 2882 899 2909 me
918 2867 1074 2918 judicas,
1099 2873 1131 2908 si
1155 2872 1245 2908 nihil
1269 2882 1349 2908 esse
1372 2872 1411 2908 in
1433 2871 1504 2906 illis
1528 2876 1647 2917 putas,
1671 2872 1765 2916 quod
1790 2871 2020 2907 abscondam.
2068 2872 2126 2908 Sic
2149 2878 2246 2908 certe
2270 2874 2460 2910 vivendum

327 2934 395 2975 est,
418 2934 604 2977 tamquam
637 2930 675 2967 in
700 2934 898 2976 conspectu
920 2930 1093 2975 vivamus,
1128 2930 1181 2966 sic
1205 2930 1448 2975 cogitandum,
1471 2932 1655 2974 tamquam
1690 2928 1820 2974 aliquis
1852 2929 1891 2963 in
1925 2934 2052 2974 pectus
2081 2929 2249 2965 intimum
2279 2931 2461 2977 inspicere

326 2987 463 3034 possit:
489 2988 530 3023 et'
548 2992 679 3033 potest„
716 2987 803 3033 quid
826 2988 922 3023 enim
946 2987 1093 3033 prodest
1116 2988 1162 3023 ab
1186 2987 1330 3023 homine
1353 2986 1486 3032 aliquid
1511 2995 1590 3020 esse
1614 2991 1814 3021 secretum?
1840 2986 1931 3020 nihil
1955 2987 2022 3022 deo
2048 2986 2186 3022 clusum
2211 2992 2275 3023 est.
2311 2988 2463 3026 interest

326 3045 458 3084 animis
482 3045 618 3084 nostris
644 3044 680 3080 et
704 3044 982 3090 cogitationibus
1006 3044 1135 3080 mediis
1159 3044 1372 3090 intervenit3
1397 3043 1487 3078 Dial.
1513 3043 1558 3078 de
1582 3043 1643 3077 Ira
1665 3043 1726 3078 lib.
1752 3043 1797 3087 ΙΙ,
1823 3056 1851 3078 c.
1876 3043 1921 3077 ‘28
1963 3044 2001 3079 Si
2015 3044 2187 3091 ‘volumus
2212 3046 2317 3090 aequi
2341 3057 2461 3081 rernm

329 3099 493 3138 omnium
511 3098 655 3148 judices
680 3109 770 3147 esse,
795 3101 864 3138 hoc
887 3101 1045 3149 primum
1068 3101 1172 3138 nobis
1196 3101 1488 3148 persuadeamus,
1513 3100 1694 3137 neminem
1708 3106 1871 3137 nostrum
1897 3111 1978 3137 esse
2002 3101 2081 3138 sine
2105 3102 2221 3148 culpa.
2258 3103 2342 3139 hinc
2366 3104 2461 3140 enim

333 3159 494 3198 maxima
527 3159 729 3208 indignatio
764 3159 898 3196 oritur:
934 3158 1055 3205 „Nihil
1077 3158 1247 3207 peccavi“
1269 3163 1306 3195 et
1334 3158 1445 3204 „nihil
1472 3157 1575 3194 feci“.
1627 3158 1741 3194 Immo
1773 3158 1863 3214 nihil
1890 3158 2029 3195 fateris.
2078 3159 2314 3205 Indignamur
2341 3161 2464 3207 aliqua
