2767 3489
1370 165 1426 208 33

328 284 457 336 etiam
500 283 585 347 his3
625 303 703 336 nee
743 292 885 335 tamen
927 287 1076 347 ignoro
1119 289 1248 334 etiam
1293 303 1346 333 ex
1388 292 1602 337 Ciceronis
1642 289 1759 333 libris
1806 288 2047 345 exemplum
2085 286 2235 332 harum
2282 289 2461 347 partiou-

326 371 463 415 larum
503 369 825 427 conjunctarum
866 369 1018 415 afferri.
1094 370 1131 415 Ο
1171 376 1214 415 et
1252 386 1280 415 n
1293 385 1317 415 e
1361 373 1560 430 copulata
1601 376 1699 416 sunt
1737 372 1838 415 Ben.
1870 371 1918 427 V,
1948 371 1989 426 4,
2030 371 2058 413 4
2109 370 2152 429 (o
2193 385 2247 414 ne
2294 371 2366 416 ille
2383 373 2458 428 —)

327 455 370 495 et
397 451 492 509 VII,
510 452 591 509 -27,
620 452 649 495 2
691 452 761 508 (Ι11
801 451 883 494 hae
929 451 1135 496 aviditate
1172 451 1341 508 generis
1373 453 1547 496 humani
1586 467 1611 496 o
1651 466 1704 495 ne
1746 457 1791 494 tu
1829 451 1955 495 nimis
1988 451 2182 495 fortunae
2222 452 2459 495 communis

328 532 484 577 oblitus
514 545 574 591 ee,
604 532 678 588 qui
708 531 879 588 quaeris
907 531 1019 576 inter
1048 532 1260 596 rapientes
1290 532 1574 591 referentem).

442 614 698 671 Priusquam
740 613 980 657 disserendi
1027 612 1155 656 finem
1193 612 1370 671 faciam,
1416 615 1566 671 paucis
1619 614 1748 657 etiam
1804 614 1858 657 de
1909 614 2185 659 collocatione
2238 614 2463 659 verborum

327 709 540 754 exponere
592 694 716 752 libet,
768 693 980 750 siquidem
1017 694 1147 739 etiam
1184 695 1266 738 hae
1312 694 1357 737 in
1396 709 1442 739 re
1483 695 1649 739 Seneca
1687 695 1881 738 nonnihil
1918 710 1945 739 a
1982 696 2191 752 prioribus
2236 696 2462 754 discrepat.

325 777 390 823 Ae
419 776 602 836 primum
644 776 729 820 ita
744 789 773 832 q
787 789 852 821 ue
892 790 977 820 non
1017 776 1063 819 in
1093 775 1300 833 principio
1330 776 1568 821 sententiae
1598 790 1755 832 ponere
1785 777 1903 833 solet,
1943 777 2019 820 sed
2058 778 2190 821 altero
2231 779 2299 821 vel
2338 779 2462 821 tertio

324 858 430 917 loeo,
458 858 576 904 velut
603 857 716 903 Dial.
745 857 777 915 Ι,
812 857 876 915 11,
907 856 957 902 8:
998 855 1095 901 Non
1126 859 1191 901 est
1219 855 1365 912 itaque
1403 856 1520 901 utilis
1561 870 1616 900 ne
1645 856 1691 900 in
1722 857 1892 912 proeliis
1922 857 2093 912 quidem
2125 863 2199 901 aut
2229 859 2351 901 bellis
2381 860 2459 902 ira.

327 937 497 984 Deinde
537 942 753 983 tantum
787 941 887 981 ante
922 935 969 980 id
999 935 1188 993 verbum,
1231 936 1289 981 ad
1318 936 1433 992 quod
1471 936 1667 994 pertinet,
1710 936 1932 981 eollooavit
1959 936 2011 980 D.
2043 937 2118 994 XI,
2149 940 2188 994 6,
2222 941 2242 981 1
2276 939 2460 995 (tantum

326 1018 452 1063 rebus
489 1017 690 1063 secundis
728 1017 822 1075 uti),
863 1016 934 1061 efr.
964 1016 1043 1073 Ep.
1077 1017 1117 1073 3,
1155 1017 1184 1060 4
1220 1016 1378 1061 Contra
1422 1033 1463 1060 m
1478 1017 1602 1061 ulto
1639 1016 1769 1060 verbo
1814 1018 2052 1074 postposuit
2093 1018 2203 1061 Dial.
2235 1018 2333 1076 XII,
2374 1019 2401 1062 9
2432 1020 2459 1062 6

327 1099 425 1157 plus
455 1099 599 1158 multo,
629 1098 722 1157 (ofr.
755 1098 886 1144 Clem.
918 1100 951 1157 I,
982 1098 1050 1157 22,
1080 1099 1108 1142 3
1138 1096 1311 1155 gravior
1340 1097 1499 1155 multo).
1560 1098 1633 1142 Ca
1647 1111 1747 1141 usa
1787 1103 1885 1142 ante
1911 1099 2053 1143 *verba
2082 1104 2200 1143 reeta
2233 1100 2460 1144 collocavit

328 1180 433 1225 Ben.
464 1180 537 1237 IV,
566 1181 606 1238 3,
640 1181 659 1224 1
693 1179 741 1223 id
769 1193 901 1224 eausa
929 1179 1059 1223 ullius
1088 1177 1263 1222 alterius
1302 1178 1363 1222 rei
1400 1178 1530 1235 dare,
1590 1185 1788 1223 eontra
1827 1180 2063 1237 postposuit
2105 1181 2183 1237 Ep.
2215 1181 2284 1236 32,
2314 1182 2343 1224 4
2385 1180 2463 1224 sed

329 1260 437 1306 haee
466 1265 615 1306 eontra
635 1280 693 1299 =
719 1264 866 1305 eontra
895 1273 949 1304 ea
987 1260 1056 1304 vel
1094 1263 1252 1304 eontra.
1313 1260 1510 1316 Denique
1553 1260 1798 1317 largissima
1836 1261 1961 1318 eopia
1990 1275 2135 1305 eorum
2165 1262 2351 1305 looorum
2387 1266 2463 1318 est,

328 1341 374 1385 in
404 1340 559 1398 quibus
595 1341 737 1386 verbis
773 1345 890 1385 arete
928 1341 1039 1385 iuter
1077 1354 1124 1385 se
1170 1341 1496 1385 cohaerentibus
1537 1341 1656 1385 aliud
1686 1341 1861 1384 verbum
1906 1341 2177 1397 interjectum
2218 1346 2300 1399 est,
2347 1342 2464 1385 velut

330 1423 411 1482 Ep.
445 1424 513 1481 76,
542 1424 599 1467 33
628 1422 909 1467 humanarum
940 1421 1187 1467 formidines
1230 1423 1443 1481 mentium,
1482 1422 1562 1479 Ep.
1593 1423 1661 1480 92,
1692 1424 1747 1467 25
1782 1422 2035 1467 insanabilis
2077 1422 2309 1466 exulcerati
2347 1422 2467 1466 dolor

331 1504 506 1563 ventris,
534 1503 608 1550 est.
641 1504 721 1562 Ep.
742 1505 822 1562 'l5,
852 1504 891 1548 4.
925 1504 993 1562 26,
1023 1505 1061 1549 6.
1094 1504 1163 1562 94,
1196 1505 1249 1548 13
1280 1508 1322 1548 et
1351 1505 1408 1549 20
1436 1507 1479 1548 et
1511 1505 1578 1549 70.
1610 1505 1679 1561 95,
1710 1505 1765 1548 69
1797 1509 1839 1548 et
1872 1505 1934 1548 70.
1970 1506 2063 1561 102,
2094 1506 2160 1548 25.
2197 1506 2290 1561 115,
2325 1507 2388 1548 18.

447 1584 537 1630 Sed
566 1585 673 1630 haec
703 1583 915 1629 sufficiant
946 1584 1004 1629 ad
1031 1584 1089 1642 id,
1119 1583 1235 1640 quod
1272 1584 1377 1628 mihi
1406 1584 1671 1641 propositum
1704 1589 1807 1641 erat,
1838 1585 2227 1629 demonstrandum.
2295 1585 2464 1629 Nemini

333 1666 448 1711 enim
477 1680 532 1712 ex
563 1665 639 1724 eiS,
679 1679 789 1721 quae
829 1665 1091 1723 protulimus,
1139 1664 1315 1709 dubium
1359 1665 1448 1710 fore
1490 1679 1628 1723 spero,
1674 1666 1777 1721 quin
1807 1664 1973 1711 Seneca
2013 1667 2147 1710 multa
2186 1671 2227 1710 et
2267 1667 2311 1710 in
2341 1680 2464 1710 voea-

331 1747 525 1791 bulorum
567 1760 648 1792 usu
694 1751 737 1791 et
781 1746 826 1790 in
872 1746 1096 1791 verborum
1137 1746 1534 1804 conjungendorum
1579 1746 1743 1791 ratione
1788 1747 2030 1806 novaverit,
2073 1747 2165 1792 sive
2205 1752 2353 1804 poetas
2403 1748 2464 1791 in-

330 1828 480 1886 primis
507 1828 755 1886 Augusteae
795 1827 948 1873 aetatis
976 1827 1166 1873 imitatus
1195 1827 1262 1886 sit,
1301 1826 1391 1872 sive
1419 1827 1514 1885 ipse
1543 1832 1618 1872 aut
1644 1828 1799 1884 aliquis
1830 1842 1883 1873 ex
1915 1829 2167 1886 aequalibus
2198 1842 2251 1873 ea
2279 1828 2462 1873 finxerit.
