2767 3489
1342 104 1375 154 5

253 285 255 287 ,
290 238 535 291 suerunt
561 233 634 293 (D.
651 234 731 292 111,
762 236 801 291 7,
831 235 890 292 2),
921 234 965 281 in
997 235 1271 292 possessione
1302 236 1455 281 beatae
1475 237 1594 281 vitae
1614 236 1806 293 positum
1827 235 1925 293 (Ep.
1957 238 2026 293 32,
2055 236 2120 295 3);
2151 244 2424 292 quaerant,

292 317 406 373 ‚quid
433 330 518 365 ,uos
555 317 612 361 in
642 318 1004 374 possessione
1027 317 1255 366 felicitatis
1292 324 1497 363 aeternae
1524 320 1845 362 consti-tuat
1871 319 1945 375 (D.
1970 319 2074 374 vn,
2105 319 2145 374 2,
2170 318 2239 375 293
2262 317 2423 373 satign-

292 402 387 445 xum
410 411 574 455 reni-pus
604 398 1427 455 voluptaria'peregrinatio-ne
1457 410 1655 445 recreare
1687 399 1821 458 (Dial.
1852 401 1929 456 XI,
1951 400 1992 455 6,
2022 399 2090 457 4);
2121 402 2282 443 matres
2300 397 2424 442 filios

291 476 351 530 iu.
371 478 566 534 exercitu
595 478 755 526 habeut
784 478 854 537 (D.
888 479 960 536 VI,
991 480 1059 537 24,
1090 478 1158 538 2),
1197 492 1381 528 amoena
1418 481 1590 539 positiO,
1630 483 1866 538 anmmhiqe
1896 484 2011 535 Lam
2049 480 2122 537 (D.
2155 479 2255 537 ΧΠ,
2283 481 2327 532 6,
2356 478 2424 538 4)·;

293 558 408 614 haec
434 559 535 617 ipsa
562 559 706 605 insula
732 574 866 618 saepe
890 561 984 618 jam
1015 561 1200 607 cultores
1231 561 1413 607 mutavit
1441 562 1513 620 (D.
1546 562 1647 617 XII,
1677 563 1715 617 7,
1747 562 1812 616 8);
1857 562 1901 607 id
1931 566 2056 607 entra
2086 561 2317 606 human
2348 572 2424 618 po-

300 639 480 692 tentiam
513 638 636 696 ,iacet
673 641 745 697 (D.
779 641 879 698 XII,
910 642 950 698 8,
974 641 1048 700 4),
1092 641 1286 687 inveniat
1327 641 1544 688 introitum
1586 642 1708 688 dolor
1743 641 1822 699 (D.
1854 643 1932 700 XI,
1965 643 2029 699 1-8,
2062 642 2122 701 1);
2173 642 2251 686 iu'a
2279 640 2425 686 finitio

299 720 662 776 contradictiones
693 722 885 766 inveniet
913 722 986 778 (de
1009 722 1140 766 Clem.
1168 724 1224 779 H,
1246 724 1287 777 3,
1308 724 1370 781 2);
1400 723 1453 778 ei,
1483 723 1559 779 qui
1591 737 1736 778 regem
1768 722 1898 767 habet
1915 722 2137 780 (Reum,
2170 724 2237 779 18,
2264 723 2335 777 3);
2378 725 2426 766 et

302 800 356 844 ob
407 799 488 844 hoc
533 801 700 856 aliquid
747 802 851 845 mihi
896 806 1060 846 extra
1099 817 1178 859 pro
1225 803 1310 846 illis
1351 803 1482 848 debes
1519 803 1686 861 (Benef.
1722 803 1800 858 VI,
1848 805 1912 852 15.
1944 803 2016 860 3);
2068 808 2196 860 putes
2238 815 2306 846 me
2345 802 2424 846 fibi

291 881 573 938 scripturum,
613 896 743 938 qnam
772 883 1005 926 humane
1036 885 1258 927 nobiscum
1288 884 1424 927 hiems
1453 885 1595 940 egerit
1626 884 1724 941 (Ep.
1757 885 1825 937 23,
1861 883 1925 940 1);
1953 883 2176 928 desiderat
2202 884 2318 928 euim
2351 897 2423 926 ex·

300 961 591 1019 plasmationem
609 962 690 1007 illa
705 976 791 1006 vox
804 966 825 1016 τ(
835 963 909 1018 Ep.
933 963 1001 1019 23,
1037 962 1128 1020 10>;
1157 978 1242 1008 non
1264 963 1421 1019 ubique
1443 979 1490 1008 se
1512 979 1626 1008 mors
1651 973 1735 1007 tam
1757 977 1892 1020 prope
1912 963 2104 1008 ostendit
2124 963 2305 1021 (8249,
2330 964 2425 1017 11³3

300 1040 481 1097 triginta
512 1041 606 1085 dies
623 1042 862 1100 (Socrates)
889 1068 947 1075 —
974 1044 1022 1086 in
1052 1044 1374 1100 exspectatione
1405 1045 1552 1087 mortis
1584 1045 1731 1099 exegit
1761 1044 1858 1100 (Ep.
1894 1045 1961 1099 70,
1980 1044 2051 1098 9);
2081 1045 2126 1087 in
2155 1043 2349 1088 scholam
2371 1055 2423 1086 eo

297 1120 398 1179 (Ep.
418 1122 488 1176 76,
519 1123 580 1176 1);
613 1123 788 1179 saepius
817 1136 982 1180 pauper
1011 1126 1055 1169 et
1086 1123 1327 1167 fidelius
1358 1123 1469 1168 ridet
1498 1124 1599 1181 (Ep.
1633 1124 1702 1180 80,
1730 1123 1799 1181 6),
1830 1137 1927 1167 cum
1955 1137 2087 1180 saepe
2116 1123 2234 1180 apud
2262 1135 2311 1166 ee
2339 1133 2426 1166 non

302 1201 389 1249 sint
416 1201 527 1247 ebrii
557 1201 653 1259 (Ep.
688 1203 755 1254 83,
787 1204 882 1261 26),
919 1218 1014 1247 eum
1045 1204 1261 1247 esuriente
1291 1217 1447 1261 panem
1475 1217 1601 1248 suum
1633 1204 1803 1248 dividat
1832 1205 1929 1262 (ᾖ).
1961 1205 2029 1260 95,
2059 1204 2158 1261 503
2202 1204 2311 1248 haec
2340 1216 2426 1247 non

295 1282 468 1339 cogitat
497 1283 581 1339 ille,
612 1283 686 1339 qui
717 1284 986 1340 grammatici
1017 1285 1152 1329 oculis
1183 1298 1355 1332 carmen
1387 1285 1502 1331 istud
1534 1285 1643 1342 legit
1664 1284 1762 1343 (Ep.
1794 1286 1887 1342 108,
1919 1286 2006 1343 28).
2067 1285 2162 1330 Hae
2187 1284 2426 1329 locutiones

285 1377 446 1413 „nonne
475 1363 686 1420 ejusmodi
718 1370 829 1421 sunt,
858 1371 904 1409 ut
933 1366 1070 1422 primo
1100 1371 1279 1423 aspectu
1309 1366 1602 1411 numerandae
1632 1367 1861 1411 videantur
1892 1368 1935 1411 in
1965 1367 2031 1422 iis,
2075 1379 2188 1422 quae
2219 1365 2264 1409 in
2291 1364 2427 1409 latine

300 1444 521 1488 scribendi
565 1447 946 1490 exercitationibus
987 1447 1294 1504 discipulorum
1341 1453 1581 1491 nostrorum
1625 1448 1934 1504 vituperentur,
1977 1447 2093 1502 quod
2133 1445 2427 1503 germanicum

299 1525 449 1582 petius
465 1539 593 1581 quam
616 1527 795 1571 lafinum
817 1541 1055 1572 sermonem
1077 1528 1332 1572 redoleant?
1363 1529 1599 1580 Quaerenti
1624 1534 1768 1573 autem
1789 1528 1907 1585 mihi,
1928 1529 2042 1572 unde
2056 1528 2167 1571 mira
2187 1527 2264 1570 illa
2280 1525 2428 1570 sinili-

303 1604 407 1652 tudo
429 1610 580 1650 exorta
599 1606 668 1664 sit,
699 1607 887 1652 dubitari
919 1620 1047 1665 posse
1065 1607 1248 1665 videtur,
1278 1622 1334 1651 an
1355 1622 1383 1651 a
1412 1608 1547 1652 latine
1576 1608 1716 1652 doctiS
1747 1609 1858 1651 tales
1887 1608 2127 1652 locutiones
2158 1606 2205 1649 in
2233 1609 2428 1649 nostrum

300 1698 541 1735 sermonem
572 1687 774 1733 inductae
803 1687 901 1733 sint.
961 1688 1121 1733 Verum
1151 1693 1198 1733 ut
1227 1694 1274 1733 ut
1302 1688 1411 1733 haec
1441 1702 1509 1733 res
1540 1702 1587 1732 se
1618 1688 1762 1745 habet,
1806 1688 2020 1731 neminem
2050 1700 2146 1731 esse
2177 1690 2294 1743 puto,
2324 1684 2430 1740 quin

305 1768 376 1811 vel
404 1780 460 1814 ex
490 1768 566 1824 eis,
598 1782 710 1824 quae
739 1769 1006 1826 protulimus,
1038 1774 1271 1825 cognoseat
1301 1782 1541 1813 sermonem
1558 1770 1751 1812 Senecae
1765 1770 1946 1812 multum
1963 1767 2223 1824 aprioribns
2239 1765 2428 1809 differre.

304 1847 431 1899 Quod
459 1849 619 1893 clarius
660 1850 917 1906 perspiciet,
963 1851 1037 1905 qui
1075 1850 1340 1907 reputaverit
1379 1863 1618 1894 sermonem
1656 1849 1848 1892 Senecae
1889 1861 1945 1892 ex
1976 1848 2093 1891 illius
2133 1846 2291 1892 aetatis
2327 1856 2429 1890 teon-

304 1929 533 1976 suetudine
555 1929 829 1975 scholasticis
858 1930 1245 1975 declamationibus
1275 1930 1500 1973 exercitati
1530 1943 1616 1973 nou
1646 1941 1743 1973 esse
1775 1929 2046 1985 aequabilem
2069 1932 2113 1971 et
2134 1931 2430 1985 temperatum,

299 2010 446 2067 qualis
486 2010 789 2069 philosophum
809 2011 956 2072 decet,
999 2011 1076 2056 sed
1117 2011 1322 2055 luminum
1347 2015 1393 2054 et
1421 2011 1610 2055 colorum
1650 2011 1863 2054 varietate
1897 2009 2164 2063 distinctum.
2227 2007 2352 2061 Quod
2383 2013 2430 2051 tt

303 2091 471 2147 aliquot
501 2092 713 2149 exemplis
752 2092 943 2149 probem,
983 2092 1165 2149 primum
1207 2091 1433 2135 nonnullas
1462 2105 1518 2135 ex
1561 2091 1850 2136 antithesibus
1891 2092 2084 2148 proferre
2125 2090 2242 2145 libet,
2272 2089 2429 2144 quibus

304 2171 402 2216 libri
433 2171 626 2216 Senecae
657 2172 804 2216 referti
833 2176 933 2216 sunt
962 2173 1202 2228 quibusque
1233 2172 1380 2227 aliqua
1419 2185 1473 2215 ex
1503 2176 1630 2229 parte
1659 2172 1860 2216 effectum
1890 2185 1988 2216 esse
2029 2170 2212 2225 videtur,
2253 2174 2301 2213 ut
2344 2182 2429 2213 non

305 2262 404 2296 raro
442 2251 655 2298 voeabula
694 2265 722 2295 a
761 2252 939 2309 propria
975 2251 1018 2295 vi
1059 2251 1399 2297 deflecterentur.
1445 2251 1559 2295 Dial.
1597 2252 1653 2306 II,
1694 2252 1733 2308 2,
1764 2252 1791 2294 2
1833 2252 1985 2306 Neque
2027 2250 2140 2293 enim
2183 2249 2291 2292 Cato
2330 2253 2430 2306 post

304 2329 546 2376 libertatem
577 2330 689 2376 vixit
718 2344 798 2376 nec
838 2331 1016 2376 libertas
1058 2340 1157 2389 post
1186 2330 1404 2375 Catonem.
1451 2329 1565 2375 Dial.
1599 2331 1676 2387 III,
1712 2331 1775 2388 17,
1810 2331 1826 2374 1
1874 2330 2045 2386 habent,
2086 2342 2170 2374 non
2201 2329 2425 2373 habentur.

307 2410 473 2476 D.V11,
505 2411 571 2466 14,
603 2412 625 2453 1
668 2416 856 2453 ceterum
884 2424 969 2453 non
1000 2411 1084 2466 ipsi
1113 2411 1389 2466 voluptatem,
1420 2410 1499 2453 sed
1530 2410 1648 2465 ipsos
1680 2411 1880 2466 voluptas
1911 2410 2066 2464 habet3
2110 2409 2166 2453 ib.
2197 2410 2225 2453 2
2254 2413 2428 2464 captae-

305 2504 389 2545 que
417 2503 574 2547 cepere
602 2489 897 2548 (voluptates).
958 2490 1010 2533 D.
1032 2487 1124 2547 V11,
1156 2490 1224 2546 22,
1254 2489 1283 2534 ὃ
1312 2489 1505 2534 Divitiae
1536 2504 1657 2534 meae
1693 2494 1804 2546 sunt,
1846 2494 1892 2534 tu
1923 2489 2175 2534 divitiarum
2207 2500 2266 2533 es.
2333 2489 2428 2544 VII,

306 2572 373 2627 26,
411 2573 428 2614 I
462 2570 643 2616 divitiae
672 2572 788 2614 enim
831 2571 948 2629 apud
992 2571 1232 2627 sapientem
1263 2570 1401 2614 virum
1432 2570 1475 2613 in
1505 2570 1715 2615 servitute
1744 2576 1855 2625 sunt,
1899 2568 2017 2626 apud
2056 2568 2234 2613 stultum
2278 2568 2322 2612 in
2355 2569 2429 2613 im-

305 2651 438 2708 periO.
498 2651 551 2696 D.
582 2652 697 2706 VIII,
724 2654 761 2707 1,
792 2653 819 2696 2
850 2652 987 2708 petita
1017 2651 1310 2706 relinquimus,
1342 2651 1491 2694 relicta
1521 2651 1764 2708 repetimus
1825 2651 1876 2693 D.
1910 2651 2011 2706 XII,
2044 2652 2110 2706 10,
2141 2651 2168 2694 3
2200 2663 2280 2693 nec
2309 2650 2431 2707 piget

303 2744 332 2775 a
362 2730 549 2787 Parthis,
581 2745 610 2776 a
637 2731 794 2787 quibus
823 2732 1012 2775 nondum
1044 2744 1206 2788 poenas
1238 2731 1486 2788 repetiimus
1516 2744 1622 2775 aves
1652 2736 1813 2787 petere.
1844 2730 1898 2774 de
1929 2730 2063 2775 Clem.
2094 2731 2126 2788 1,
2160 2731 2226 2785 12,
2264 2732 2293 2774 4
2322 2730 2430 2775 Con-

305 2811 450 2859 trariis
480 2811 525 2860 in
555 2811 772 2858 contraria
800 2811 963 2868 agitur:
993 2825 1093 2856 nam
1122 2824 1217 2856 cum
1236 2811 1401 2856 invisus
1419 2811 1486 2870 sit,
1516 2811 1818 2868 quiatimetur,
1849 2811 1993 2855 timeri
2008 2812 2112 2868 vult,
2143 2812 2247 2868 qnia
2267 2812 2431 2855 invisus

302 2895 387 2940 eet.
441 2892 544 2939 Ben.
562 2892 635 2949 IV,
667 2892 734 2949 24,
765 2892 793 2937 2
825 2892 896 2937 ille
927 2892 1123 2948 ingratus
1153 2897 1231 2948 est,
1262 2894 1458 2949 quamvis
1488 2906 1574 2937 nou
1591 2897 1801 2951 oporteat,
1833 2893 1938 2949 quia
1954 2893 2156 2951 expedit:
2188 2894 2258 2937 hic
2284 2898 2434 2950 gratus

304 2977 382 3030 est,
412 2973 610 3032 quamvis
650 2986 736 3023 non
776 2972 994 3031 expediat,
1039 2973 1143 3029 quia
1178 2977 1361 3031 oportet.
1423 2973 1469 3017 B.
1499 2973 1573 3031 VI,
1608 2975 1673 3031 11,
1703 2975 1731 3019 3
1775 2974 1937 3019 Parum
1976 2979 2049 3020 est
2080 2974 2145 3019 illi
2184 2975 2309 3036 velle,
2349 2973 2435 3021 nisi
